[
  {
    "symbol": "MANTAUSDT",
    "side": "Buy",
    "price": 2.2,
    "qty": 40.0,
    "timestamp": 1705589001114,
    "orderId": "1600880187904628224"
  },
  {
    "symbol": "MANTAUSDT",
    "side": "Buy",
    "price": 2.7097,
    "qty": 47.88,
    "timestamp": 1707022128805,
    "orderId": "1613012958382921216"
  },
  {
    "symbol": "MANTAUSDT",
    "side": "Buy",
    "price": 3.0,
    "qty": 16.5,
    "timestamp": 1706790864835,
    "orderId": "1611065303742289408"
  },
  {
    "symbol": "MANTAUSDT",
    "side": "Buy",
    "price": 2.8566,
    "qty": 35.0,
    "timestamp": 1707630367004,
    "orderId": "1618111129333274112"
  },
  {
    "symbol": "MANTAUSDT",
    "side": "Sell",
    "price": 2.8736,
    "qty": 23.46,
    "timestamp": 1709612825000,
    "orderId": "1634306865347433984"
  },
  {
    "symbol": "MANTAUSDT",
    "side": "Buy",
    "price": 2.7482,
    "qty": 9.47,
    "timestamp": 1709560532531,
    "orderId": "1633852458419885568"
  },
  {
    "symbol": "MANTAUSDT",
    "side": "Buy",
    "price": 2.829,
    "qty": 7.07,
    "timestamp": 1709506379821,
    "orderId": "1633633177463690752"
  },
  {
    "symbol": "MANTAUSDT",
    "side": "Buy",
    "price": 2.8801,
    "qty": 6.95,
    "timestamp": 1709480248055,
    "orderId": "1633633157188425218"
  },
  {
    "symbol": "MANTAUSDT",
    "side": "Sell",
    "price": 2.8591,
    "qty": 10.72,
    "timestamp": 1709403553071,
    "orderId": "1632880171533211136"
  },
  {
    "symbol": "MANTAUSDT",
    "side": "Buy",
    "price": 2.7726,
    "qty": 5.42,
    "timestamp": 1709390481896,
    "orderId": "1632835922297099776"
  },
  {
    "symbol": "MANTAUSDT",
    "side": "Buy",
    "price": 2.8227,
    "qty": 5.32,
    "timestamp": 1709385207805,
    "orderId": "1632835901644346880"
  },
  {
    "symbol": "MANTAUSDT",
    "side": "Sell",
    "price": 2.8362,
    "qty": 5.4,
    "timestamp": 1709382182537,
    "orderId": "1632432766811641344"
  },
  {
    "symbol": "MANTAUSDT",
    "side": "Buy",
    "price": 2.775,
    "qty": 5.41,
    "timestamp": 1709337148806,
    "orderId": "1632432753591195136"
  },
  {
    "symbol": "MANTAUSDT",
    "side": "Buy",
    "price": 2.6992,
    "qty": 6.98,
    "timestamp": 1709311269015,
    "orderId": "1632215658261648896"
  },
  {
    "symbol": "MANTAUSDT",
    "side": "Buy",
    "price": 2.6991,
    "qty": 30.06,
    "timestamp": 1709311269015,
    "orderId": "1632215658261648896"
  },
  {
    "symbol": "MANTAUSDT",
    "side": "Sell",
    "price": 2.7621,
    "qty": 27.69,
    "timestamp": 1709266122157,
    "orderId": "1631670858244429312"
  },
  {
    "symbol": "MANTAUSDT",
    "side": "Buy",
    "price": 2.5851,
    "qty": 9.81,
    "timestamp": 1709246295956,
    "orderId": "1631490907998262784"
  },
  {
    "symbol": "MANTAUSDT",
    "side": "Buy",
    "price": 2.7045,
    "qty": 7.22,
    "timestamp": 1709224829587,
    "orderId": "1631312559581959680"
  },
  {
    "symbol": "MANTAUSDT",
    "side": "Buy",
    "price": 2.784,
    "qty": 5.39,
    "timestamp": 1709203609181,
    "orderId": "1631283719203722752"
  },
  {
    "symbol": "MANTAUSDT",
    "side": "Buy",
    "price": 2.8343,
    "qty": 5.3,
    "timestamp": 1709200170567,
    "orderId": "1631283696722253312"
  },
  {
    "symbol": "MANTAUSDT",
    "side": "Sell",
    "price": 2.8349,
    "qty": 26.8,
    "timestamp": 1709193458869,
    "orderId": "1630802585265116672"
  },
  {
    "symbol": "MANTAUSDT",
    "side": "Buy",
    "price": 2.7938,
    "qty": 8.59,
    "timestamp": 1709193023681,
    "orderId": "1631223741973534208"
  },
  {
    "symbol": "MANTAUSDT",
    "side": "Buy",
    "price": 2.7938,
    "qty": 12.89,
    "timestamp": 1709193023680,
    "orderId": "1631223741973534208"
  },
  {
    "symbol": "MANTAUSDT",
    "side": "Buy",
    "price": 2.6182,
    "qty": 9.5,
    "timestamp": 1709141848056,
    "orderId": "1630794452249613824"
  },
  {
    "symbol": "MANTAUSDT",
    "side": "Buy",
    "price": 2.7944,
    "qty": 6.98,
    "timestamp": 1709141467414,
    "orderId": "1630621333325092352"
  },
  {
    "symbol": "MANTAUSDT",
    "side": "Buy",
    "price": 2.8767,
    "qty": 5.22,
    "timestamp": 1709121112419,
    "orderId": "1630614970138105344"
  },
  {
    "symbol": "MANTAUSDT",
    "side": "Buy",
    "price": 2.9286,
    "qty": 5.13,
    "timestamp": 1709120450124,
    "orderId": "1630614855012849152"
  },
  {
    "symbol": "MANTAUSDT",
    "side": "Sell",
    "price": 2.9739,
    "qty": 10.3,
    "timestamp": 1709119386396,
    "orderId": "1630016082221995520"
  },
  {
    "symbol": "MANTAUSDT",
    "side": "Buy",
    "price": 2.8839,
    "qty": 5.21,
    "timestamp": 1709049055071,
    "orderId": "1629864675950990848"
  },
  {
    "symbol": "MANTAUSDT",
    "side": "Buy",
    "price": 2.936,
    "qty": 5.11,
    "timestamp": 1709031007929,
    "orderId": "1629864657873540608"
  },
  {
    "symbol": "MANTAUSDT",
    "side": "Sell",
    "price": 3.6393,
    "qty": 11.22,
    "timestamp": 1710163783851,
    "orderId": "1639320143366723072"
  },
  {
    "symbol": "MANTAUSDT",
    "side": "Buy",
    "price": 3.5292,
    "qty": 5.67,
    "timestamp": 1710158177734,
    "orderId": "1639234129390474752"
  },
  {
    "symbol": "MANTAUSDT",
    "side": "Buy",
    "price": 3.5929,
    "qty": 5.57,
    "timestamp": 1710147932011,
    "orderId": "1639234096163198464"
  },
  {
    "symbol": "MANTAUSDT",
    "side": "Sell",
    "price": 3.6113,
    "qty": 11.31,
    "timestamp": 1709860016581,
    "orderId": "1636759380072601088"
  },
  {
    "symbol": "MANTAUSDT",
    "side": "Buy",
    "price": 3.5021,
    "qty": 5.72,
    "timestamp": 1709852918194,
    "orderId": "1636742187394012672"
  },
  {
    "symbol": "MANTAUSDT",
    "side": "Buy",
    "price": 3.5653,
    "qty": 5.61,
    "timestamp": 1709850869878,
    "orderId": "1636742158377817600"
  },
  {
    "symbol": "MANTAUSDT",
    "side": "Sell",
    "price": 3.1444,
    "qty": 6.49,
    "timestamp": 1709772109485,
    "orderId": "1636076429529847296"
  },
  {
    "symbol": "MANTAUSDT",
    "side": "Buy",
    "price": 3.0765,
    "qty": 6.5,
    "timestamp": 1709771506902,
    "orderId": "1636076413474051584"
  },
  {
    "symbol": "MANTAUSDT",
    "side": "Sell",
    "price": 3.1367,
    "qty": 6.51,
    "timestamp": 1709767875837,
    "orderId": "1635981293454104064"
  },
  {
    "symbol": "MANTAUSDT",
    "side": "Buy",
    "price": 3.069,
    "qty": 6.52,
    "timestamp": 1709760164040,
    "orderId": "1635981121915459072"
  },
  {
    "symbol": "MANTAUSDT",
    "side": "Sell",
    "price": 3.0974,
    "qty": 6.59,
    "timestamp": 1709755941062,
    "orderId": "1635931922402383360"
  },
  {
    "symbol": "MANTAUSDT",
    "side": "Buy",
    "price": 3.0305,
    "qty": 0.64,
    "timestamp": 1709754278702,
    "orderId": "1635931891381310976"
  },
  {
    "symbol": "MANTAUSDT",
    "side": "Buy",
    "price": 3.0305,
    "qty": 5.96,
    "timestamp": 1709754278525,
    "orderId": "1635931891381310976"
  },
  {
    "symbol": "MANTAUSDT",
    "side": "Sell",
    "price": 3.061,
    "qty": 6.67,
    "timestamp": 1709727380410,
    "orderId": "1635689597050820096"
  },
  {
    "symbol": "MANTAUSDT",
    "side": "Buy",
    "price": 2.995,
    "qty": 1.06,
    "timestamp": 1709725392747,
    "orderId": "1635689579912893952"
  },
  {
    "symbol": "MANTAUSDT",
    "side": "Buy",
    "price": 2.9949,
    "qty": 5.62,
    "timestamp": 1709725392747,
    "orderId": "1635689579912893952"
  },
  {
    "symbol": "MANTAUSDT",
    "side": "Sell",
    "price": 3.0102,
    "qty": 6.79,
    "timestamp": 1709710832453,
    "orderId": "1635549880648996352"
  },
  {
    "symbol": "MANTAUSDT",
    "side": "Buy",
    "price": 2.9452,
    "qty": 6.8,
    "timestamp": 1709708736269,
    "orderId": "1635549819747702272"
  },
  {
    "symbol": "MANTAUSDT",
    "side": "Buy",
    "price": 2.9683,
    "qty": 67.37,
    "timestamp": 1710777170804,
    "orderId": "1644512283134880000"
  },
  {
    "symbol": "MANTAUSDT",
    "side": "Sell",
    "price": 3.5025,
    "qty": 57.99,
    "timestamp": 1710562603530,
    "orderId": "1642144014268721408"
  },
  {
    "symbol": "MANTAUSDT",
    "side": "Buy",
    "price": 2.9872,
    "qty": 19.13,
    "timestamp": 1710494048746,
    "orderId": "1641730814012385536"
  },
  {
    "symbol": "MANTAUSDT",
    "side": "Buy",
    "price": 3.3626,
    "qty": 5.38,
    "timestamp": 1710445424373,
    "orderId": "1641384605439497728"
  },
  {
    "symbol": "MANTAUSDT",
    "side": "Buy",
    "price": 3.3626,
    "qty": 7.69,
    "timestamp": 1710445423818,
    "orderId": "1641384605439497728"
  },
  {
    "symbol": "MANTAUSDT",
    "side": "Buy",
    "price": 3.6128,
    "qty": 9.36,
    "timestamp": 1710404291415,
    "orderId": "1640819793122825728"
  },
  {
    "symbol": "MANTAUSDT",
    "side": "Buy",
    "price": 3.6621,
    "qty": 11.85,
    "timestamp": 1710391658918,
    "orderId": "1641278625645073920"
  },
  {
    "symbol": "MANTAUSDT",
    "side": "Buy",
    "price": 3.6613,
    "qty": 3.15,
    "timestamp": 1710391658918,
    "orderId": "1641278625645073920"
  },
  {
    "symbol": "MANTAUSDT",
    "side": "Buy",
    "price": 3.6725,
    "qty": 21.76,
    "timestamp": 1710391225274,
    "orderId": "1641274987975546368"
  },
  {
    "symbol": "MANTAUSDT",
    "side": "Buy",
    "price": 3.6724,
    "qty": 81.75,
    "timestamp": 1710391225274,
    "orderId": "1641274987975546368"
  },
  {
    "symbol": "MANTAUSDT",
    "side": "Buy",
    "price": 3.6723,
    "qty": 11.2,
    "timestamp": 1710391225274,
    "orderId": "1641274987975546368"
  },
  {
    "symbol": "MANTAUSDT",
    "side": "Buy",
    "price": 3.6721,
    "qty": 11.2,
    "timestamp": 1710391225274,
    "orderId": "1641274987975546368"
  },
  {
    "symbol": "MANTAUSDT",
    "side": "Buy",
    "price": 3.6717,
    "qty": 136.21,
    "timestamp": 1710391225274,
    "orderId": "1641274987975546368"
  },
  {
    "symbol": "MANTAUSDT",
    "side": "Buy",
    "price": 3.6716,
    "qty": 78.72,
    "timestamp": 1710391225274,
    "orderId": "1641274987975546368"
  },
  {
    "symbol": "MANTAUSDT",
    "side": "Buy",
    "price": 3.6716,
    "qty": 11.2,
    "timestamp": 1710391225274,
    "orderId": "1641274987975546368"
  },
  {
    "symbol": "MANTAUSDT",
    "side": "Buy",
    "price": 3.6715,
    "qty": 6.76,
    "timestamp": 1710391225274,
    "orderId": "1641274987975546368"
  },
  {
    "symbol": "MANTAUSDT",
    "side": "Buy",
    "price": 3.6714,
    "qty": 11.2,
    "timestamp": 1710391225274,
    "orderId": "1641274987975546368"
  },
  {
    "symbol": "MANTAUSDT",
    "side": "Buy",
    "price": 3.7796,
    "qty": 6.88,
    "timestamp": 1710336959107,
    "orderId": "1640549833012155904"
  },
  {
    "symbol": "MANTAUSDT",
    "side": "Buy",
    "price": 3.8909,
    "qty": 5.15,
    "timestamp": 1710304778407,
    "orderId": "1640524593846556160"
  },
  {
    "symbol": "MANTAUSDT",
    "side": "Buy",
    "price": 3.9611,
    "qty": 5.05,
    "timestamp": 1710301769142,
    "orderId": "1640524575551002112"
  },
  {
    "symbol": "MANTAUSDT",
    "side": "Sell",
    "price": 4.0093,
    "qty": 10.18,
    "timestamp": 1710297560051,
    "orderId": "1640304789952927232"
  },
  {
    "symbol": "MANTAUSDT",
    "side": "Sell",
    "price": 4.0093,
    "qty": 0.01,
    "timestamp": 1710297557084,
    "orderId": "1640304789952927232"
  },
  {
    "symbol": "MANTAUSDT",
    "side": "Buy",
    "price": 3.888,
    "qty": 5.15,
    "timestamp": 1710275565543,
    "orderId": "1640293582277711360"
  },
  {
    "symbol": "MANTAUSDT",
    "side": "Buy",
    "price": 3.9582,
    "qty": 1.04,
    "timestamp": 1710274230928,
    "orderId": "1640293568050632192"
  },
  {
    "symbol": "MANTAUSDT",
    "side": "Buy",
    "price": 3.9582,
    "qty": 4.02,
    "timestamp": 1710274230902,
    "orderId": "1640293568050632192"
  },
  {
    "symbol": "MANTAUSDT",
    "side": "Sell",
    "price": 3.1674,
    "qty": 12.9,
    "timestamp": 1711384667583,
    "orderId": "1649456152184187136"
  },
  {
    "symbol": "MANTAUSDT",
    "side": "Buy",
    "price": 3.0715,
    "qty": 6.52,
    "timestamp": 1711366494235,
    "orderId": "1649429222235924736"
  },
  {
    "symbol": "MANTAUSDT",
    "side": "Buy",
    "price": 3.127,
    "qty": 6.4,
    "timestamp": 1711363284462,
    "orderId": "1649429211464952064"
  },
  {
    "symbol": "MANTAUSDT",
    "side": "Buy",
    "price": 2.7911,
    "qty": 26.67,
    "timestamp": 1711998005498,
    "orderId": "1654753637425309952"
  },
  {
    "symbol": "MANTAUSDT",
    "side": "Sell",
    "price": 3.0612,
    "qty": 22.02,
    "timestamp": 1711944633411,
    "orderId": "1653390471730653440"
  },
  {
    "symbol": "MANTAUSDT",
    "side": "Buy",
    "price": 2.9208,
    "qty": 6.03,
    "timestamp": 1711835499853,
    "orderId": "1652472715434879232"
  },
  {
    "symbol": "MANTAUSDT",
    "side": "Buy",
    "price": 2.9208,
    "qty": 2.88,
    "timestamp": 1711835499843,
    "orderId": "1652472715434879232"
  },
  {
    "symbol": "MANTAUSDT",
    "side": "Buy",
    "price": 3.0186,
    "qty": 6.63,
    "timestamp": 1711726094537,
    "orderId": "1652435019614218496"
  },
  {
    "symbol": "MANTAUSDT",
    "side": "Buy",
    "price": 3.0731,
    "qty": 6.51,
    "timestamp": 1711721603259,
    "orderId": "1652435007215855873"
  },
  {
    "symbol": "MANTAUSDT",
    "side": "Sell",
    "price": 2.8061,
    "qty": 24.02,
    "timestamp": 1712236295805,
    "orderId": "1656273953733568768"
  },
  {
    "symbol": "MANTAUSDT",
    "side": "Buy",
    "price": 2.6932,
    "qty": 52.0,
    "timestamp": 1712202362986,
    "orderId": "1656467899650763008"
  },
  {
    "symbol": "MANTAUSDT",
    "side": "Buy",
    "price": 2.6774,
    "qty": 9.72,
    "timestamp": 1712179238542,
    "orderId": "1656005229231302912"
  },
  {
    "symbol": "MANTAUSDT",
    "side": "Buy",
    "price": 2.767,
    "qty": 7.23,
    "timestamp": 1712147204905,
    "orderId": "1655931032429750528"
  },
  {
    "symbol": "MANTAUSDT",
    "side": "Buy",
    "price": 2.817,
    "qty": 7.1,
    "timestamp": 1712138360539,
    "orderId": "1655931020593424640"
  },
  {
    "symbol": "MANTAUSDT",
    "side": "Buy",
    "price": 2.74,
    "qty": 40.03,
    "timestamp": 1712073092038,
    "orderId": "1645689578960808192"
  },
  {
    "symbol": "MANTAUSDT",
    "side": "Buy",
    "price": 2.74,
    "qty": 14.74,
    "timestamp": 1712073050637,
    "orderId": "1645689578960808192"
  },
  {
    "symbol": "MANTAUSDT",
    "side": "Sell",
    "price": 1.8745,
    "qty": 21.79,
    "timestamp": 1713581362133,
    "orderId": "1667722254290872576"
  },
  {
    "symbol": "MANTAUSDT",
    "side": "Buy",
    "price": 1.8178,
    "qty": 11.01,
    "timestamp": 1713543983092,
    "orderId": "1667625673487116544"
  },
  {
    "symbol": "MANTAUSDT",
    "side": "Buy",
    "price": 1.8506,
    "qty": 0.01,
    "timestamp": 1713532470212,
    "orderId": "1667625660266670336"
  },
  {
    "symbol": "MANTAUSDT",
    "side": "Buy",
    "price": 1.8506,
    "qty": 10.8,
    "timestamp": 1713532470212,
    "orderId": "1667625660266670336"
  },
  {
    "symbol": "MANTAUSDT",
    "side": "Sell",
    "price": 1.8311,
    "qty": 11.15,
    "timestamp": 1716515473712,
    "orderId": "1692637467653794048"
  },
  {
    "symbol": "MANTAUSDT",
    "side": "Buy",
    "price": 1.7916,
    "qty": 11.17,
    "timestamp": 1716514108566,
    "orderId": "1692637455624530176"
  },
  {
    "symbol": "MANTAUSDT",
    "side": "Sell",
    "price": 0.7151,
    "qty": 142.64,
    "timestamp": 1723986638746,
    "orderId": "1753851982885775617"
  },
  {
    "symbol": "MANTAUSDT",
    "side": "Buy",
    "price": 0.6619,
    "qty": 51.07,
    "timestamp": 1723811444490,
    "orderId": "1752446046539442432"
  },
  {
    "symbol": "MANTAUSDT",
    "side": "Buy",
    "price": 0.7019,
    "qty": 37.05,
    "timestamp": 1723643846128,
    "orderId": "1752070479122098432"
  },
  {
    "symbol": "MANTAUSDT",
    "side": "Buy",
    "price": 0.7254,
    "qty": 27.58,
    "timestamp": 1723599075254,
    "orderId": "1751911953758251264"
  },
  {
    "symbol": "MANTAUSDT",
    "side": "Buy",
    "price": 0.7379,
    "qty": 25.07,
    "timestamp": 1723580178027,
    "orderId": "1751911942559459584"
  },
  {
    "symbol": "MANTAUSDT",
    "side": "Buy",
    "price": 0.7379,
    "qty": 2.04,
    "timestamp": 1723580178027,
    "orderId": "1751911942559459584"
  },
  {
    "symbol": "MANTAUSDT",
    "side": "Sell",
    "price": 0.7357,
    "qty": 15.28,
    "timestamp": 1723567269087,
    "orderId": "1751735294086179072"
  },
  {
    "symbol": "MANTAUSDT",
    "side": "Sell",
    "price": 0.7357,
    "qty": 12.49,
    "timestamp": 1723567269076,
    "orderId": "1751735294086179072"
  },
  {
    "symbol": "MANTAUSDT",
    "side": "Buy",
    "price": 0.7186,
    "qty": 27.83,
    "timestamp": 1723559118617,
    "orderId": "1751735283424258304"
  },
  {
    "symbol": "MANTAUSDT",
    "side": "Sell",
    "price": 0.8444,
    "qty": 79.89,
    "timestamp": 1724586805047,
    "orderId": "1760043716934199552"
  },
  {
    "symbol": "MANTAUSDT",
    "side": "Buy",
    "price": 0.805,
    "qty": 32.3,
    "timestamp": 1724549559138,
    "orderId": "1759910574533470464"
  },
  {
    "symbol": "MANTAUSDT",
    "side": "Buy",
    "price": 0.8319,
    "qty": 24.05,
    "timestamp": 1724533687935,
    "orderId": "1759815052883749120"
  },
  {
    "symbol": "MANTAUSDT",
    "side": "Buy",
    "price": 0.8463,
    "qty": 21.86,
    "timestamp": 1724522300725,
    "orderId": "1759815040552495360"
  },
  {
    "symbol": "MANTAUSDT",
    "side": "Buy",
    "price": 0.8463,
    "qty": 1.78,
    "timestamp": 1724522300725,
    "orderId": "1759815040552495360"
  }
]