[
  {
    "symbol": "ONDOUSDT",
    "side": "Buy",
    "price": 0.65,
    "qty": 184.68,
    "timestamp": 1712946759759,
    "orderId": "1646497468760025344"
  },
  {
    "symbol": "ONDOUSDT",
    "side": "Sell",
    "price": 0.83834,
    "qty": 24.36,
    "timestamp": 1713764742490,
    "orderId": "1669541750706104576"
  },
  {
    "symbol": "ONDOUSDT",
    "side": "Buy",
    "price": 0.82025,
    "qty": 13.26,
    "timestamp": 1713760884411,
    "orderId": "1669541737435326720"
  },
  {
    "symbol": "ONDOUSDT",
    "side": "Buy",
    "price": 0.82025,
    "qty": 11.13,
    "timestamp": 1713760884410,
    "orderId": "1669541737435326720"
  },
  {
    "symbol": "ONDOUSDT",
    "side": "Sell",
    "price": 0.82477,
    "qty": 24.76,
    "timestamp": 1713652158120,
    "orderId": "1668564815079368960"
  },
  {
    "symbol": "ONDOUSDT",
    "side": "Buy",
    "price": 0.80698,
    "qty": 24.79,
    "timestamp": 1713644424962,
    "orderId": "1668564804794935552"
  },
  {
    "symbol": "ONDOUSDT",
    "side": "Sell",
    "price": 0.76221,
    "qty": 0.25,
    "timestamp": 1713595168311,
    "orderId": "1668043667187001600"
  },
  {
    "symbol": "ONDOUSDT",
    "side": "Sell",
    "price": 0.76221,
    "qty": 15.57,
    "timestamp": 1713595167965,
    "orderId": "1668043667187001600"
  },
  {
    "symbol": "ONDOUSDT",
    "side": "Sell",
    "price": 0.76221,
    "qty": 37.76,
    "timestamp": 1713595167962,
    "orderId": "1668043667187001600"
  },
  {
    "symbol": "ONDOUSDT",
    "side": "Buy",
    "price": 0.73916,
    "qty": 27.06,
    "timestamp": 1713582297570,
    "orderId": "1668017162616662272"
  },
  {
    "symbol": "ONDOUSDT",
    "side": "Buy",
    "price": 0.7525,
    "qty": 26.58,
    "timestamp": 1713579139405,
    "orderId": "1668017143893289216"
  },
  {
    "symbol": "ONDOUSDT",
    "side": "Buy",
    "price": 0.79163,
    "qty": 42.7,
    "timestamp": 1715128447981,
    "orderId": "1679931326691895552"
  },
  {
    "symbol": "ONDOUSDT",
    "side": "Buy",
    "price": 0.8394,
    "qty": 30.98,
    "timestamp": 1714999418371,
    "orderId": "1679868913074399488"
  },
  {
    "symbol": "ONDOUSDT",
    "side": "Buy",
    "price": 0.86751,
    "qty": 23.06,
    "timestamp": 1714991977180,
    "orderId": "1679807883401062656"
  },
  {
    "symbol": "ONDOUSDT",
    "side": "Buy",
    "price": 0.88317,
    "qty": 20.86,
    "timestamp": 1714984702468,
    "orderId": "1679807867513039104"
  },
  {
    "symbol": "ONDOUSDT",
    "side": "Buy",
    "price": 0.88309,
    "qty": 1.74,
    "timestamp": 1714984702468,
    "orderId": "1679807867513039104"
  },
  {
    "symbol": "ONDOUSDT",
    "side": "Sell",
    "price": 0.83367,
    "qty": 48.99,
    "timestamp": 1714923990501,
    "orderId": "1678750915991267584"
  },
  {
    "symbol": "ONDOUSDT",
    "side": "Buy",
    "price": 0.80846,
    "qty": 24.74,
    "timestamp": 1714858700060,
    "orderId": "1678394583308134656"
  },
  {
    "symbol": "ONDOUSDT",
    "side": "Buy",
    "price": 0.82305,
    "qty": 24.3,
    "timestamp": 1714816224105,
    "orderId": "1678394534209612032"
  },
  {
    "symbol": "ONDOUSDT",
    "side": "Sell",
    "price": 0.82886,
    "qty": 24.62,
    "timestamp": 1714752197184,
    "orderId": "1677842371913804032"
  },
  {
    "symbol": "ONDOUSDT",
    "side": "Buy",
    "price": 0.81098,
    "qty": 24.65,
    "timestamp": 1714750395967,
    "orderId": "1677842362124298496"
  },
  {
    "symbol": "ONDOUSDT",
    "side": "Sell",
    "price": 0.8,
    "qty": 121.71,
    "timestamp": 1714667427259,
    "orderId": "1676041004849129728"
  },
  {
    "symbol": "ONDOUSDT",
    "side": "Sell",
    "price": 0.8,
    "qty": 16.67,
    "timestamp": 1714667427249,
    "orderId": "1676041004849129728"
  },
  {
    "symbol": "ONDOUSDT",
    "side": "Sell",
    "price": 0.85446,
    "qty": 119.22,
    "timestamp": 1715840480751,
    "orderId": "1681013711860754689"
  },
  {
    "symbol": "ONDOUSDT",
    "side": "Sell",
    "price": 0.96131,
    "qty": 38.81,
    "timestamp": 1716433376761,
    "orderId": "1690850714727049472"
  },
  {
    "symbol": "ONDOUSDT",
    "side": "Sell",
    "price": 0.96131,
    "qty": 20.81,
    "timestamp": 1716433376689,
    "orderId": "1690850714727049472"
  },
  {
    "symbol": "ONDOUSDT",
    "side": "Sell",
    "price": 0.96131,
    "qty": 10.48,
    "timestamp": 1716433376674,
    "orderId": "1690850714727049472"
  },
  {
    "symbol": "ONDOUSDT",
    "side": "Buy",
    "price": 0.91722,
    "qty": 28.35,
    "timestamp": 1716301109778,
    "orderId": "1690450588074338560"
  },
  {
    "symbol": "ONDOUSDT",
    "side": "Buy",
    "price": 0.94793,
    "qty": 21.1,
    "timestamp": 1716253411984,
    "orderId": "1690438948243204352"
  },
  {
    "symbol": "ONDOUSDT",
    "side": "Buy",
    "price": 0.96503,
    "qty": 20.73,
    "timestamp": 1716252024611,
    "orderId": "1690438936171997440"
  },
  {
    "symbol": "ONDOUSDT",
    "side": "Sell",
    "price": 0.97254,
    "qty": 41.99,
    "timestamp": 1716243824163,
    "orderId": "1690329999561025792"
  },
  {
    "symbol": "ONDOUSDT",
    "side": "Buy",
    "price": 0.94313,
    "qty": 21.21,
    "timestamp": 1716239036392,
    "orderId": "1690306564457851136"
  },
  {
    "symbol": "ONDOUSDT",
    "side": "Buy",
    "price": 0.96015,
    "qty": 20.83,
    "timestamp": 1716236243119,
    "orderId": "1690306551430342912"
  },
  {
    "symbol": "ONDOUSDT",
    "side": "Sell",
    "price": 1.26528,
    "qty": 53.26,
    "timestamp": 1716824784090,
    "orderId": "1694984658640791808"
  },
  {
    "symbol": "ONDOUSDT",
    "side": "Buy",
    "price": 1.20725,
    "qty": 21.54,
    "timestamp": 1716793915084,
    "orderId": "1694693842957461760"
  },
  {
    "symbol": "ONDOUSDT",
    "side": "Buy",
    "price": 1.24767,
    "qty": 16.03,
    "timestamp": 1716759247416,
    "orderId": "1694378092338178304"
  },
  {
    "symbol": "ONDOUSDT",
    "side": "Buy",
    "price": 1.27018,
    "qty": 15.75,
    "timestamp": 1716721606281,
    "orderId": "1694378072725612800"
  },
  {
    "symbol": "ONDOUSDT",
    "side": "Sell",
    "price": 1.13288,
    "qty": 36.05,
    "timestamp": 1716583717031,
    "orderId": "1693062247116794112"
  },
  {
    "symbol": "ONDOUSDT",
    "side": "Buy",
    "price": 1.09862,
    "qty": 18.21,
    "timestamp": 1716564745111,
    "orderId": "1693046693119224064"
  },
  {
    "symbol": "ONDOUSDT",
    "side": "Buy",
    "price": 1.11845,
    "qty": 16.38,
    "timestamp": 1716562876592,
    "orderId": "1693046551586629888"
  },
  {
    "symbol": "ONDOUSDT",
    "side": "Buy",
    "price": 1.11842,
    "qty": 1.5,
    "timestamp": 1716562876592,
    "orderId": "1693046551586629888"
  },
  {
    "symbol": "ONDOUSDT",
    "side": "Sell",
    "price": 0.99041,
    "qty": 3.58,
    "timestamp": 1716469417690,
    "orderId": "1692260729924970752"
  },
  {
    "symbol": "ONDOUSDT",
    "side": "Sell",
    "price": 0.99041,
    "qty": 37.66,
    "timestamp": 1716469417687,
    "orderId": "1692260729924970752"
  },
  {
    "symbol": "ONDOUSDT",
    "side": "Buy",
    "price": 0.96046,
    "qty": 20.83,
    "timestamp": 1716468997305,
    "orderId": "1692209873049446656"
  },
  {
    "symbol": "ONDOUSDT",
    "side": "Buy",
    "price": 0.97779,
    "qty": 20.46,
    "timestamp": 1716463135185,
    "orderId": "1692209857941563648"
  },
  {
    "symbol": "ONDOUSDT",
    "side": "Sell",
    "price": 1.43726,
    "qty": 46.17,
    "timestamp": 1717475939683,
    "orderId": "1700705837439609088"
  },
  {
    "symbol": "ONDOUSDT",
    "side": "Buy",
    "price": 0.96922,
    "qty": 34.88,
    "timestamp": 1721753514066,
    "orderId": "1736024202349472000"
  },
  {
    "symbol": "ONDOUSDT",
    "side": "Buy",
    "price": 1.02772,
    "qty": 25.3,
    "timestamp": 1721686209827,
    "orderId": "1735522003458550016"
  },
  {
    "symbol": "ONDOUSDT",
    "side": "Buy",
    "price": 1.06213,
    "qty": 18.84,
    "timestamp": 1721626342222,
    "orderId": "1735270865329023232"
  },
  {
    "symbol": "ONDOUSDT",
    "side": "Buy",
    "price": 1.08129,
    "qty": 18.5,
    "timestamp": 1721596404562,
    "orderId": "1735270837260740864"
  },
  {
    "symbol": "ONDOUSDT",
    "side": "Sell",
    "price": 1.08421,
    "qty": 62.16,
    "timestamp": 1721593315789,
    "orderId": "1735179599169808640"
  },
  {
    "symbol": "ONDOUSDT",
    "side": "Buy",
    "price": 1.03448,
    "qty": 8.72,
    "timestamp": 1721585462897,
    "orderId": "1734835743173732608"
  },
  {
    "symbol": "ONDOUSDT",
    "side": "Buy",
    "price": 1.03448,
    "qty": 16.42,
    "timestamp": 1721585462891,
    "orderId": "1734835743173732608"
  },
  {
    "symbol": "ONDOUSDT",
    "side": "Buy",
    "price": 1.06911,
    "qty": 18.71,
    "timestamp": 1721544534943,
    "orderId": "1734748527185455360"
  },
  {
    "symbol": "ONDOUSDT",
    "side": "Buy",
    "price": 1.08829,
    "qty": 15.99,
    "timestamp": 1721534137742,
    "orderId": "1734748507111516416"
  },
  {
    "symbol": "ONDOUSDT",
    "side": "Buy",
    "price": 1.08829,
    "qty": 2.39,
    "timestamp": 1721534137083,
    "orderId": "1734748507111516416"
  },
  {
    "symbol": "ONDOUSDT",
    "side": "Sell",
    "price": 1.04617,
    "qty": 97.42,
    "timestamp": 1722237593875,
    "orderId": "1736588831349893376"
  },
  {
    "symbol": "ONDOUSDT",
    "side": "Buy",
    "price": 0.78,
    "qty": 150.0,
    "timestamp": 1722647156310,
    "orderId": "1677544888310524160"
  },
  {
    "symbol": "ONDOUSDT",
    "side": "Sell",
    "price": 0.68619,
    "qty": 59.56,
    "timestamp": 1724263545117,
    "orderId": "1757507747672582400"
  },
  {
    "symbol": "ONDOUSDT",
    "side": "Buy",
    "price": 0.6649,
    "qty": 30.08,
    "timestamp": 1724247246719,
    "orderId": "1757303939336071424"
  },
  {
    "symbol": "ONDOUSDT",
    "side": "Buy",
    "price": 0.67636,
    "qty": 29.57,
    "timestamp": 1724222952565,
    "orderId": "1757303926191122688"
  },
  {
    "symbol": "ONDOUSDT",
    "side": "Sell",
    "price": 0.75382,
    "qty": 27.11,
    "timestamp": 1724623840515,
    "orderId": "1760358606848747776"
  },
  {
    "symbol": "ONDOUSDT",
    "side": "Buy",
    "price": 0.73638,
    "qty": 24.15,
    "timestamp": 1724587094518,
    "orderId": "1760358570291194112"
  },
  {
    "symbol": "ONDOUSDT",
    "side": "Buy",
    "price": 0.73638,
    "qty": 3.01,
    "timestamp": 1724587094518,
    "orderId": "1760358570291194112"
  },
  {
    "symbol": "ONDOUSDT",
    "side": "Buy",
    "price": 0.59773,
    "qty": 200.0,
    "timestamp": 1730641418818,
    "orderId": "1746650998480660736"
  },
  {
    "symbol": "ONDOUSDT",
    "side": "Sell",
    "price": 1.0252,
    "qty": 15.52,
    "timestamp": 1732167337131,
    "orderId": "1823946254108158208"
  },
  {
    "symbol": "ONDOUSDT",
    "side": "Sell",
    "price": 1.02521,
    "qty": 66.54,
    "timestamp": 1732167337131,
    "orderId": "1823946254108158208"
  },
  {
    "symbol": "ONDOUSDT",
    "side": "Buy",
    "price": 0.96703,
    "qty": 32.68,
    "timestamp": 1732125605032,
    "orderId": "1823387996934990080"
  },
  {
    "symbol": "ONDOUSDT",
    "side": "Buy",
    "price": 1.00132,
    "qty": 19.98,
    "timestamp": 1732102550092,
    "orderId": "1823387998042286336"
  },
  {
    "symbol": "ONDOUSDT",
    "side": "Buy",
    "price": 1.01681,
    "qty": 29.51,
    "timestamp": 1732100785377,
    "orderId": "1823387977523751168"
  },
  {
    "symbol": "ONDOUSDT",
    "side": "Sell",
    "price": 1.02081,
    "qty": 82.12,
    "timestamp": 1732093017944,
    "orderId": "1823322819581536512"
  },
  {
    "symbol": "ONDOUSDT",
    "side": "Buy",
    "price": 0.96628,
    "qty": 32.71,
    "timestamp": 1732072892669,
    "orderId": "1822894870701107456"
  },
  {
    "symbol": "ONDOUSDT",
    "side": "Buy",
    "price": 1.00054,
    "qty": 19.99,
    "timestamp": 1732048950715,
    "orderId": "1822894874702473472"
  },
  {
    "symbol": "ONDOUSDT",
    "side": "Buy",
    "price": 1.01679,
    "qty": 28.01,
    "timestamp": 1732042000789,
    "orderId": "1822894856423696640"
  },
  {
    "symbol": "ONDOUSDT",
    "side": "Buy",
    "price": 1.01679,
    "qty": 1.5,
    "timestamp": 1732042000761,
    "orderId": "1822894856423696640"
  },
  {
    "symbol": "ONDOUSDT",
    "side": "Sell",
    "price": 1.03822,
    "qty": 42.89,
    "timestamp": 1732038408078,
    "orderId": "1822864718814341376"
  },
  {
    "symbol": "ONDOUSDT",
    "side": "Sell",
    "price": 1.03826,
    "qty": 1.5,
    "timestamp": 1732038408078,
    "orderId": "1822864718814341376"
  },
  {
    "symbol": "ONDOUSDT",
    "side": "Sell",
    "price": 1.03838,
    "qty": 5.1,
    "timestamp": 1732038408078,
    "orderId": "1822864718814341376"
  },
  {
    "symbol": "ONDOUSDT",
    "side": "Buy",
    "price": 0.99951,
    "qty": 20.01,
    "timestamp": 1732024839070,
    "orderId": "1822741216308324608"
  },
  {
    "symbol": "ONDOUSDT",
    "side": "Buy",
    "price": 1.01499,
    "qty": 26.56,
    "timestamp": 1732023683859,
    "orderId": "1822741203113044224"
  },
  {
    "symbol": "ONDOUSDT",
    "side": "Buy",
    "price": 1.01493,
    "qty": 1.5,
    "timestamp": 1732023683859,
    "orderId": "1822741203113044224"
  },
  {
    "symbol": "ONDOUSDT",
    "side": "Buy",
    "price": 1.01483,
    "qty": 1.5,
    "timestamp": 1732023683859,
    "orderId": "1822741203113044224"
  },
  {
    "symbol": "ONDOUSDT",
    "side": "Sell",
    "price": 1.03,
    "qty": 139.86,
    "timestamp": 1731974268142,
    "orderId": "1822087533451110656"
  },
  {
    "symbol": "ONDOUSDT",
    "side": "Buy",
    "price": 1.06563,
    "qty": 28.16,
    "timestamp": 1732743155870,
    "orderId": "1828776546916460800"
  },
  {
    "symbol": "ONDOUSDT",
    "side": "Sell",
    "price": 1.07258,
    "qty": 32.91,
    "timestamp": 1732725500354,
    "orderId": "1828628466577533184"
  },
  {
    "symbol": "ONDOUSDT",
    "side": "Sell",
    "price": 1.07259,
    "qty": 45.98,
    "timestamp": 1732725500354,
    "orderId": "1828628466577533184"
  },
  {
    "symbol": "ONDOUSDT",
    "side": "Buy",
    "price": 1.00573,
    "qty": 31.42,
    "timestamp": 1732547411167,
    "orderId": "1826878475097958656"
  },
  {
    "symbol": "ONDOUSDT",
    "side": "Buy",
    "price": 1.04139,
    "qty": 19.21,
    "timestamp": 1732540870064,
    "orderId": "1826878475173456128"
  },
  {
    "symbol": "ONDOUSDT",
    "side": "Buy",
    "price": 1.0575,
    "qty": 28.37,
    "timestamp": 1732516883487,
    "orderId": "1826878461466470656"
  },
  {
    "symbol": "ONDOUSDT",
    "side": "Sell",
    "price": 1.09137,
    "qty": 28.52,
    "timestamp": 1732508118148,
    "orderId": "1826804932465223936"
  },
  {
    "symbol": "ONDOUSDT",
    "side": "Buy",
    "price": 1.0509,
    "qty": 28.55,
    "timestamp": 1732497994281,
    "orderId": "1826720007229630720"
  },
  {
    "symbol": "ONDOUSDT",
    "side": "Sell",
    "price": 1.05606,
    "qty": 128.65,
    "timestamp": 1732487205005,
    "orderId": "1826629500314937600"
  },
  {
    "symbol": "ONDOUSDT",
    "side": "Buy",
    "price": 0.96122,
    "qty": 51.95,
    "timestamp": 1732452250254,
    "orderId": "1825720110531569920"
  },
  {
    "symbol": "ONDOUSDT",
    "side": "Buy",
    "price": 1.0338,
    "qty": 30.57,
    "timestamp": 1732392900069,
    "orderId": "1825705861449083136"
  },
  {
    "symbol": "ONDOUSDT",
    "side": "Buy",
    "price": 1.07045,
    "qty": 18.69,
    "timestamp": 1732378676035,
    "orderId": "1825705863453960448"
  },
  {
    "symbol": "ONDOUSDT",
    "side": "Buy",
    "price": 1.08701,
    "qty": 27.6,
    "timestamp": 1732377095291,
    "orderId": "1825705833087199488"
  },
  {
    "symbol": "ONDOUSDT",
    "side": "Sell",
    "price": 1.05829,
    "qty": 23.36,
    "timestamp": 1732345325591,
    "orderId": "1825439329527621888"
  },
  {
    "symbol": "ONDOUSDT",
    "side": "Sell",
    "price": 1.05834,
    "qty": 1.5,
    "timestamp": 1732345325591,
    "orderId": "1825439329527621888"
  },
  {
    "symbol": "ONDOUSDT",
    "side": "Sell",
    "price": 1.05845,
    "qty": 1.5,
    "timestamp": 1732345325591,
    "orderId": "1825439329527621888"
  },
  {
    "symbol": "ONDOUSDT",
    "side": "Sell",
    "price": 1.05846,
    "qty": 10.06,
    "timestamp": 1732345325591,
    "orderId": "1825439329527621888"
  },
  {
    "symbol": "ONDOUSDT",
    "side": "Sell",
    "price": 1.05847,
    "qty": 11.0,
    "timestamp": 1732345325591,
    "orderId": "1825439329527621888"
  },
  {
    "symbol": "ONDOUSDT",
    "side": "Sell",
    "price": 1.05856,
    "qty": 1.5,
    "timestamp": 1732345325591,
    "orderId": "1825439329527621888"
  },
  {
    "symbol": "ONDOUSDT",
    "side": "Buy",
    "price": 1.01144,
    "qty": 19.78,
    "timestamp": 1732330295519,
    "orderId": "1825298666999867648"
  },
  {
    "symbol": "ONDOUSDT",
    "side": "Buy",
    "price": 1.02791,
    "qty": 29.19,
    "timestamp": 1732328555829,
    "orderId": "1825298650793076992"
  },
  {
    "symbol": "ONDOUSDT",
    "side": "Sell",
    "price": 1.02893,
    "qty": 44.46,
    "timestamp": 1732319352042,
    "orderId": "1825221447615080704"
  },
  {
    "symbol": "ONDOUSDT",
    "side": "Sell",
    "price": 1.02901,
    "qty": 38.44,
    "timestamp": 1732319352042,
    "orderId": "1825221447615080704"
  },
  {
    "symbol": "ONDOUSDT",
    "side": "Buy",
    "price": 0.95726,
    "qty": 33.02,
    "timestamp": 1732282077173,
    "orderId": "1824405242180364544"
  },
  {
    "symbol": "ONDOUSDT",
    "side": "Buy",
    "price": 0.9912,
    "qty": 20.18,
    "timestamp": 1732236383052,
    "orderId": "1824405242515908864"
  },
  {
    "symbol": "ONDOUSDT",
    "side": "Buy",
    "price": 1.00653,
    "qty": 29.81,
    "timestamp": 1732222051290,
    "orderId": "1824405229748447488"
  },
  {
    "symbol": "ONDOUSDT",
    "side": "Sell",
    "price": 1.02247,
    "qty": 14.09,
    "timestamp": 1732215947090,
    "orderId": "1824354023999105280"
  },
  {
    "symbol": "ONDOUSDT",
    "side": "Sell",
    "price": 1.0225,
    "qty": 15.89,
    "timestamp": 1732215947090,
    "orderId": "1824354023999105280"
  },
  {
    "symbol": "ONDOUSDT",
    "side": "Sell",
    "price": 1.0225,
    "qty": 15.98,
    "timestamp": 1732215947090,
    "orderId": "1824354023999105280"
  },
  {
    "symbol": "ONDOUSDT",
    "side": "Sell",
    "price": 1.02258,
    "qty": 4.33,
    "timestamp": 1732215947090,
    "orderId": "1824354023999105280"
  },
  {
    "symbol": "ONDOUSDT",
    "side": "Buy",
    "price": 0.9837,
    "qty": 20.34,
    "timestamp": 1732202885405,
    "orderId": "1824221323250198784"
  },
  {
    "symbol": "ONDOUSDT",
    "side": "Buy",
    "price": 0.99972,
    "qty": 30.01,
    "timestamp": 1732200125386,
    "orderId": "1824221023122581760"
  },
  {
    "symbol": "ONDOUSDT",
    "side": "Sell",
    "price": 1.0091,
    "qty": 51.26,
    "timestamp": 1732192296632,
    "orderId": "1824155629577922816"
  },
  {
    "symbol": "ONDOUSDT",
    "side": "Buy",
    "price": 0.9649,
    "qty": 20.73,
    "timestamp": 1732184730372,
    "orderId": "1824065512104356096"
  },
  {
    "symbol": "ONDOUSDT",
    "side": "Buy",
    "price": 0.97983,
    "qty": 30.61,
    "timestamp": 1732181552008,
    "orderId": "1824065497139079424"
  },
  {
    "symbol": "ONDOUSDT",
    "side": "Buy",
    "price": 1.72138,
    "qty": 9.71,
    "timestamp": 1733356871111,
    "orderId": "1833809237592336640"
  },
  {
    "symbol": "ONDOUSDT",
    "side": "Buy",
    "price": 1.72138,
    "qty": 8.65,
    "timestamp": 1733356871102,
    "orderId": "1833809237592336640"
  },
  {
    "symbol": "ONDOUSDT",
    "side": "Buy",
    "price": 1.78241,
    "qty": 11.23,
    "timestamp": 1733345708416,
    "orderId": "1833809237609113856"
  },
  {
    "symbol": "ONDOUSDT",
    "side": "Buy",
    "price": 1.80998,
    "qty": 16.57,
    "timestamp": 1733343094534,
    "orderId": "1833809222065023232"
  },
  {
    "symbol": "ONDOUSDT",
    "side": "Sell",
    "price": 1.85337,
    "qty": 45.25,
    "timestamp": 1733335006332,
    "orderId": "1833741373309020416"
  },
  {
    "symbol": "ONDOUSDT",
    "side": "Buy",
    "price": 1.75428,
    "qty": 18.02,
    "timestamp": 1733314775078,
    "orderId": "1833374911138457856"
  },
  {
    "symbol": "ONDOUSDT",
    "side": "Buy",
    "price": 1.81648,
    "qty": 11.02,
    "timestamp": 1733292835121,
    "orderId": "1833374909511067904"
  },
  {
    "symbol": "ONDOUSDT",
    "side": "Buy",
    "price": 1.84605,
    "qty": 16.26,
    "timestamp": 1733291318359,
    "orderId": "1833374861721168128"
  },
  {
    "symbol": "ONDOUSDT",
    "side": "Sell",
    "price": 1.71668,
    "qty": 18.33,
    "timestamp": 1733270806327,
    "orderId": "1833202824625088768"
  },
  {
    "symbol": "ONDOUSDT",
    "side": "Buy",
    "price": 1.63518,
    "qty": 18.35,
    "timestamp": 1733268764203,
    "orderId": "1833185634043652352"
  },
  {
    "symbol": "ONDOUSDT",
    "side": "Sell",
    "price": 1.71055,
    "qty": 30.09,
    "timestamp": 1733267016771,
    "orderId": "1833171035525310720"
  },
  {
    "symbol": "ONDOUSDT",
    "side": "Buy",
    "price": 1.64389,
    "qty": 12.17,
    "timestamp": 1733246403823,
    "orderId": "1832989477870856448"
  },
  {
    "symbol": "ONDOUSDT",
    "side": "Buy",
    "price": 1.67065,
    "qty": 17.96,
    "timestamp": 1733245370610,
    "orderId": "1832989454298867968"
  },
  {
    "symbol": "ONDOUSDT",
    "side": "Sell",
    "price": 1.64676,
    "qty": 11.5,
    "timestamp": 1733236810802,
    "orderId": "1832917649492109568"
  },
  {
    "symbol": "ONDOUSDT",
    "side": "Sell",
    "price": 1.64677,
    "qty": 1.5,
    "timestamp": 1733236810802,
    "orderId": "1832917649492109568"
  },
  {
    "symbol": "ONDOUSDT",
    "side": "Sell",
    "price": 1.6469,
    "qty": 5.78,
    "timestamp": 1733236810802,
    "orderId": "1832917649492109568"
  },
  {
    "symbol": "ONDOUSDT",
    "side": "Buy",
    "price": 1.59657,
    "qty": 18.8,
    "timestamp": 1733236615098,
    "orderId": "1832915860772448512"
  },
  {
    "symbol": "ONDOUSDT",
    "side": "Sell",
    "price": 1.65172,
    "qty": 50.76,
    "timestamp": 1733235002868,
    "orderId": "1832902483442493696"
  },
  {
    "symbol": "ONDOUSDT",
    "side": "Buy",
    "price": 1.56337,
    "qty": 20.22,
    "timestamp": 1733233991972,
    "orderId": "1832840348444223744"
  },
  {
    "symbol": "ONDOUSDT",
    "side": "Buy",
    "price": 1.6188,
    "qty": 12.36,
    "timestamp": 1733232914164,
    "orderId": "1832840348100290816"
  },
  {
    "symbol": "ONDOUSDT",
    "side": "Buy",
    "price": 1.64384,
    "qty": 18.25,
    "timestamp": 1733227593609,
    "orderId": "1832840330081560832"
  },
  {
    "symbol": "ONDOUSDT",
    "side": "Sell",
    "price": 1.68913,
    "qty": 30.61,
    "timestamp": 1733212776015,
    "orderId": "1832716031085603073"
  },
  {
    "symbol": "ONDOUSDT",
    "side": "Buy",
    "price": 1.61451,
    "qty": 12.39,
    "timestamp": 1733202597962,
    "orderId": "1832623908826999040"
  },
  {
    "symbol": "ONDOUSDT",
    "side": "Buy",
    "price": 1.63948,
    "qty": 18.27,
    "timestamp": 1733201792548,
    "orderId": "1832623895086459136"
  },
  {
    "symbol": "ONDOUSDT",
    "side": "Sell",
    "price": 1.26833,
    "qty": 40.75,
    "timestamp": 1733171164847,
    "orderId": "1832366971325606144"
  },
  {
    "symbol": "ONDOUSDT",
    "side": "Buy",
    "price": 1.21382,
    "qty": 16.48,
    "timestamp": 1733157641071,
    "orderId": "1832249402853779712"
  },
  {
    "symbol": "ONDOUSDT",
    "side": "Buy",
    "price": 1.23358,
    "qty": 24.32,
    "timestamp": 1733157147621,
    "orderId": "1832249386168838400"
  },
  {
    "symbol": "ONDOUSDT",
    "side": "Sell",
    "price": 1.27152,
    "qty": 65.94,
    "timestamp": 1733150059805,
    "orderId": "1832189929384667392"
  },
  {
    "symbol": "ONDOUSDT",
    "side": "Buy",
    "price": 1.20342,
    "qty": 26.26,
    "timestamp": 1733112489856,
    "orderId": "1831755854295427328"
  },
  {
    "symbol": "ONDOUSDT",
    "side": "Buy",
    "price": 1.24609,
    "qty": 16.06,
    "timestamp": 1733111383210,
    "orderId": "1831755853490120960"
  },
  {
    "symbol": "ONDOUSDT",
    "side": "Buy",
    "price": 1.26638,
    "qty": 23.69,
    "timestamp": 1733098312257,
    "orderId": "1831755820195735808"
  },
  {
    "symbol": "ONDOUSDT",
    "side": "Sell",
    "price": 1.27564,
    "qty": 24.19,
    "timestamp": 1733093473454,
    "orderId": "1831715248676366592"
  },
  {
    "symbol": "ONDOUSDT",
    "side": "Buy",
    "price": 1.23914,
    "qty": 24.22,
    "timestamp": 1733028993714,
    "orderId": "1831174350821484800"
  },
  {
    "symbol": "ONDOUSDT",
    "side": "Sell",
    "price": 1.27775,
    "qty": 17.33,
    "timestamp": 1733012971858,
    "orderId": "1831039952335759616"
  },
  {
    "symbol": "ONDOUSDT",
    "side": "Sell",
    "price": 1.27779,
    "qty": 1.5,
    "timestamp": 1733012971858,
    "orderId": "1831039952335759616"
  },
  {
    "symbol": "ONDOUSDT",
    "side": "Sell",
    "price": 1.27785,
    "qty": 5.32,
    "timestamp": 1733012971858,
    "orderId": "1831039952335759616"
  },
  {
    "symbol": "ONDOUSDT",
    "side": "Buy",
    "price": 1.24005,
    "qty": 24.2,
    "timestamp": 1732984345501,
    "orderId": "1830799817048418560"
  },
  {
    "symbol": "ONDOUSDT",
    "side": "Sell",
    "price": 1.26373,
    "qty": 24.57,
    "timestamp": 1732974702157,
    "orderId": "1830718922815793408"
  },
  {
    "symbol": "ONDOUSDT",
    "side": "Buy",
    "price": 1.21828,
    "qty": 24.62,
    "timestamp": 1732967793739,
    "orderId": "1830660970805291264"
  },
  {
    "symbol": "ONDOUSDT",
    "side": "Sell",
    "price": 1.26807,
    "qty": 8.87,
    "timestamp": 1732961717828,
    "orderId": "1830610002378057984"
  },
  {
    "symbol": "ONDOUSDT",
    "side": "Sell",
    "price": 1.26807,
    "qty": 32.68,
    "timestamp": 1732961717828,
    "orderId": "1830610002378057984"
  },
  {
    "symbol": "ONDOUSDT",
    "side": "Buy",
    "price": 1.19063,
    "qty": 16.8,
    "timestamp": 1732944591593,
    "orderId": "1830449595524933888"
  },
  {
    "symbol": "ONDOUSDT",
    "side": "Buy",
    "price": 1.20905,
    "qty": 24.82,
    "timestamp": 1732942594035,
    "orderId": "1830449580366719232"
  },
  {
    "symbol": "ONDOUSDT",
    "side": "Sell",
    "price": 1.21577,
    "qty": 25.69,
    "timestamp": 1732931019195,
    "orderId": "1830352483579685120"
  },
  {
    "symbol": "ONDOUSDT",
    "side": "Buy",
    "price": 1.16645,
    "qty": 25.72,
    "timestamp": 1732922811161,
    "orderId": "1830283603494660352"
  },
  {
    "symbol": "ONDOUSDT",
    "side": "Sell",
    "price": 1.12768,
    "qty": 13.17,
    "timestamp": 1732885207983,
    "orderId": "1829968191280212224"
  },
  {
    "symbol": "ONDOUSDT",
    "side": "Sell",
    "price": 1.12769,
    "qty": 32.57,
    "timestamp": 1732885207983,
    "orderId": "1829968191280212224"
  },
  {
    "symbol": "ONDOUSDT",
    "side": "Buy",
    "price": 1.0817,
    "qty": 18.49,
    "timestamp": 1732840283220,
    "orderId": "1829569298180696320"
  },
  {
    "symbol": "ONDOUSDT",
    "side": "Buy",
    "price": 1.09843,
    "qty": 27.32,
    "timestamp": 1732837654908,
    "orderId": "1829569287174842624"
  },
  {
    "symbol": "ONDOUSDT",
    "side": "Sell",
    "price": 1.11411,
    "qty": 7.6,
    "timestamp": 1732834829323,
    "orderId": "1829545584449906944"
  },
  {
    "symbol": "ONDOUSDT",
    "side": "Sell",
    "price": 1.11413,
    "qty": 8.96,
    "timestamp": 1732834829323,
    "orderId": "1829545584449906944"
  },
  {
    "symbol": "ONDOUSDT",
    "side": "Sell",
    "price": 1.11415,
    "qty": 11.14,
    "timestamp": 1732834829323,
    "orderId": "1829545584449906944"
  },
  {
    "symbol": "ONDOUSDT",
    "side": "Buy",
    "price": 1.08223,
    "qty": 27.73,
    "timestamp": 1732825095568,
    "orderId": "1829463588633667840"
  },
  {
    "symbol": "ONDOUSDT",
    "side": "Sell",
    "price": 1.09723,
    "qty": 28.13,
    "timestamp": 1732821684660,
    "orderId": "1829435319016319232"
  },
  {
    "symbol": "ONDOUSDT",
    "side": "Buy",
    "price": 1.83973,
    "qty": 21.75,
    "timestamp": 1733984510373,
    "orderId": "1839189808036276480"
  },
  {
    "symbol": "ONDOUSDT",
    "side": "Sell",
    "price": 1.83156,
    "qty": 22.56,
    "timestamp": 1733969850205,
    "orderId": "1839066829700819200"
  },
  {
    "symbol": "ONDOUSDT",
    "side": "Buy",
    "price": 1.77071,
    "qty": 22.59,
    "timestamp": 1733962054160,
    "orderId": "1839001431559203072"
  },
  {
    "symbol": "ONDOUSDT",
    "side": "Sell",
    "price": 1.79436,
    "qty": 51.52,
    "timestamp": 1733955154767,
    "orderId": "1838943555440437504"
  },
  {
    "symbol": "ONDOUSDT",
    "side": "Buy",
    "price": 1.7328,
    "qty": 28.86,
    "timestamp": 1733935908109,
    "orderId": "1838764905462065408"
  },
  {
    "symbol": "ONDOUSDT",
    "side": "Buy",
    "price": 1.76101,
    "qty": 22.72,
    "timestamp": 1733933856172,
    "orderId": "1838764870649342208"
  },
  {
    "symbol": "ONDOUSDT",
    "side": "Sell",
    "price": 1.72474,
    "qty": 54.04,
    "timestamp": 1733907997989,
    "orderId": "1838547975706863872"
  },
  {
    "symbol": "ONDOUSDT",
    "side": "Buy",
    "price": 1.65228,
    "qty": 30.27,
    "timestamp": 1733877670737,
    "orderId": "1838286260339566848"
  },
  {
    "symbol": "ONDOUSDT",
    "side": "Buy",
    "price": 1.67918,
    "qty": 23.83,
    "timestamp": 1733876796541,
    "orderId": "1838286219537377536"
  },
  {
    "symbol": "ONDOUSDT",
    "side": "Sell",
    "price": 1.60782,
    "qty": 20.21,
    "timestamp": 1733862700735,
    "orderId": "1838167994791192832"
  },
  {
    "symbol": "ONDOUSDT",
    "side": "Sell",
    "price": 1.60792,
    "qty": 85.19,
    "timestamp": 1733862700735,
    "orderId": "1838167994791192832"
  },
  {
    "symbol": "ONDOUSDT",
    "side": "Buy",
    "price": 1.5289,
    "qty": 49.06,
    "timestamp": 1733847023385,
    "orderId": "1838017484540963072"
  },
  {
    "symbol": "ONDOUSDT",
    "side": "Buy",
    "price": 1.58311,
    "qty": 31.59,
    "timestamp": 1733845092222,
    "orderId": "1838017481831442688"
  },
  {
    "symbol": "ONDOUSDT",
    "side": "Buy",
    "price": 1.60759,
    "qty": 24.88,
    "timestamp": 1733844756497,
    "orderId": "1838017467612752128"
  },
  {
    "symbol": "ONDOUSDT",
    "side": "Sell",
    "price": 1.62047,
    "qty": 57.17,
    "timestamp": 1733839744703,
    "orderId": "1837975425637509376"
  },
  {
    "symbol": "ONDOUSDT",
    "side": "Buy",
    "price": 1.56146,
    "qty": 32.03,
    "timestamp": 1733834265423,
    "orderId": "1837919328683780352"
  },
  {
    "symbol": "ONDOUSDT",
    "side": "Buy",
    "price": 1.58561,
    "qty": 25.22,
    "timestamp": 1733833055916,
    "orderId": "1837919316033759488"
  },
  {
    "symbol": "ONDOUSDT",
    "side": "Sell",
    "price": 1.63389,
    "qty": 25.15,
    "timestamp": 1733821434706,
    "orderId": "1837821830250195200"
  },
  {
    "symbol": "ONDOUSDT",
    "side": "Buy",
    "price": 1.58758,
    "qty": 25.2,
    "timestamp": 1733818895548,
    "orderId": "1837800530257471744"
  },
  {
    "symbol": "ONDOUSDT",
    "side": "Sell",
    "price": 1.54861,
    "qty": 56.21,
    "timestamp": 1733805510833,
    "orderId": "1837688251130145024"
  },
  {
    "symbol": "ONDOUSDT",
    "side": "Buy",
    "price": 1.41161,
    "qty": 22.39,
    "timestamp": 1733800444557,
    "orderId": "1837584098282268928"
  },
  {
    "symbol": "ONDOUSDT",
    "side": "Buy",
    "price": 1.46166,
    "qty": 11.99,
    "timestamp": 1733794570214,
    "orderId": "1837584098156439808"
  },
  {
    "symbol": "ONDOUSDT",
    "side": "Buy",
    "price": 1.46166,
    "qty": 1.7,
    "timestamp": 1733794570214,
    "orderId": "1837584098156439808"
  },
  {
    "symbol": "ONDOUSDT",
    "side": "Buy",
    "price": 1.48427,
    "qty": 20.21,
    "timestamp": 1733793093176,
    "orderId": "1837584084264904960"
  },
  {
    "symbol": "ONDOUSDT",
    "side": "Sell",
    "price": 1.53742,
    "qty": 18.54,
    "timestamp": 1733791122005,
    "orderId": "1837567548892473600"
  },
  {
    "symbol": "ONDOUSDT",
    "side": "Sell",
    "price": 1.53754,
    "qty": 1.5,
    "timestamp": 1733791122005,
    "orderId": "1837567548892473600"
  },
  {
    "symbol": "ONDOUSDT",
    "side": "Buy",
    "price": 1.49295,
    "qty": 20.08,
    "timestamp": 1733789254345,
    "orderId": "1837551881816467712"
  },
  {
    "symbol": "ONDOUSDT",
    "side": "Sell",
    "price": 1.47668,
    "qty": 56.99,
    "timestamp": 1733783408448,
    "orderId": "1837502842878126336"
  },
  {
    "symbol": "ONDOUSDT",
    "side": "Buy",
    "price": 1.39257,
    "qty": 22.7,
    "timestamp": 1733782960599,
    "orderId": "1837496656405555456"
  },
  {
    "symbol": "ONDOUSDT",
    "side": "Buy",
    "price": 1.44195,
    "qty": 13.88,
    "timestamp": 1733782832272,
    "orderId": "1837496657143752960"
  },
  {
    "symbol": "ONDOUSDT",
    "side": "Buy",
    "price": 1.46425,
    "qty": 20.49,
    "timestamp": 1733782667909,
    "orderId": "1837496630786746624"
  },
  {
    "symbol": "ONDOUSDT",
    "side": "Sell",
    "price": 1.5778,
    "qty": 130.32,
    "timestamp": 1733780364489,
    "orderId": "1837477308299307264"
  },
  {
    "symbol": "ONDOUSDT",
    "side": "Sell",
    "price": 1.57781,
    "qty": 7.84,
    "timestamp": 1733780364489,
    "orderId": "1837477308299307264"
  },
  {
    "symbol": "ONDOUSDT",
    "side": "Buy",
    "price": 1.33179,
    "qty": 59.24,
    "timestamp": 1733778294549,
    "orderId": "1834543896773093632"
  },
  {
    "symbol": "ONDOUSDT",
    "side": "Buy",
    "price": 1.56589,
    "qty": 31.89,
    "timestamp": 1733728802599,
    "orderId": "1834358935273171200"
  },
  {
    "symbol": "ONDOUSDT",
    "side": "Buy",
    "price": 1.68412,
    "qty": 18.77,
    "timestamp": 1733430667267,
    "orderId": "1834333319459072256"
  },
  {
    "symbol": "ONDOUSDT",
    "side": "Buy",
    "price": 1.74383,
    "qty": 11.47,
    "timestamp": 1733408624016,
    "orderId": "1834333320667031808"
  },
  {
    "symbol": "ONDOUSDT",
    "side": "Buy",
    "price": 1.7708,
    "qty": 16.95,
    "timestamp": 1733405568664,
    "orderId": "1834333293034957057"
  },
  {
    "symbol": "ONDOUSDT",
    "side": "Sell",
    "price": 1.82582,
    "qty": 32.53,
    "timestamp": 1733396689597,
    "orderId": "1834258810030876928"
  },
  {
    "symbol": "ONDOUSDT",
    "side": "Sell",
    "price": 1.82583,
    "qty": 13.57,
    "timestamp": 1733396689597,
    "orderId": "1834258810030876928"
  },
  {
    "symbol": "ONDOUSDT",
    "side": "Buy",
    "price": 1.82087,
    "qty": 61.79,
    "timestamp": 1734552504149,
    "orderId": "1842197975859030272"
  },
  {
    "symbol": "ONDOUSDT",
    "side": "Buy",
    "price": 1.95835,
    "qty": 38.3,
    "timestamp": 1734397142394,
    "orderId": "1842147172444104960"
  },
  {
    "symbol": "ONDOUSDT",
    "side": "Buy",
    "price": 2.02779,
    "qty": 24.66,
    "timestamp": 1734343110343,
    "orderId": "1842147171814959360"
  },
  {
    "symbol": "ONDOUSDT",
    "side": "Buy",
    "price": 2.05915,
    "qty": 19.43,
    "timestamp": 1734337054292,
    "orderId": "1842147160834271488"
  },
  {
    "symbol": "ONDOUSDT",
    "side": "Sell",
    "price": 2.09895,
    "qty": 8.8,
    "timestamp": 1734329006658,
    "orderId": "1842079652387318016"
  },
  {
    "symbol": "ONDOUSDT",
    "side": "Sell",
    "price": 2.09897,
    "qty": 35.31,
    "timestamp": 1734329006658,
    "orderId": "1842079652387318016"
  },
  {
    "symbol": "ONDOUSDT",
    "side": "Buy",
    "price": 2.02411,
    "qty": 24.71,
    "timestamp": 1734317405860,
    "orderId": "1841967981551511808"
  },
  {
    "symbol": "ONDOUSDT",
    "side": "Buy",
    "price": 2.05706,
    "qty": 19.45,
    "timestamp": 1734315692560,
    "orderId": "1841967965562824960"
  },
  {
    "symbol": "ONDOUSDT",
    "side": "Sell",
    "price": 1.96988,
    "qty": 2.19,
    "timestamp": 1734303176340,
    "orderId": "1841862971975100672"
  },
  {
    "symbol": "ONDOUSDT",
    "side": "Sell",
    "price": 1.96989,
    "qty": 85.0,
    "timestamp": 1734303176340,
    "orderId": "1841862971975100672"
  },
  {
    "symbol": "ONDOUSDT",
    "side": "Buy",
    "price": 1.84855,
    "qty": 40.58,
    "timestamp": 1734181209852,
    "orderId": "1840524091107666176"
  },
  {
    "symbol": "ONDOUSDT",
    "side": "Buy",
    "price": 1.91409,
    "qty": 26.13,
    "timestamp": 1734151060137,
    "orderId": "1840524091720034560"
  },
  {
    "symbol": "ONDOUSDT",
    "side": "Buy",
    "price": 1.94525,
    "qty": 20.57,
    "timestamp": 1734143567443,
    "orderId": "1840523965068830976"
  },
  {
    "symbol": "ONDOUSDT",
    "side": "Sell",
    "price": 1.98316,
    "qty": 14.42,
    "timestamp": 1734139093753,
    "orderId": "1840486547473131776"
  },
  {
    "symbol": "ONDOUSDT",
    "side": "Sell",
    "price": 1.98337,
    "qty": 1.0,
    "timestamp": 1734139093753,
    "orderId": "1840486547473131776"
  },
  {
    "symbol": "ONDOUSDT",
    "side": "Sell",
    "price": 1.9834,
    "qty": 5.37,
    "timestamp": 1734139093753,
    "orderId": "1840486547473131776"
  },
  {
    "symbol": "ONDOUSDT",
    "side": "Buy",
    "price": 1.92137,
    "qty": 20.82,
    "timestamp": 1734137813427,
    "orderId": "1840475639757760768"
  },
  {
    "symbol": "ONDOUSDT",
    "side": "Sell",
    "price": 1.98188,
    "qty": 3.55,
    "timestamp": 1734134455105,
    "orderId": "1840447635673409793"
  },
  {
    "symbol": "ONDOUSDT",
    "side": "Sell",
    "price": 1.98189,
    "qty": 17.3,
    "timestamp": 1734134455105,
    "orderId": "1840447635673409793"
  },
  {
    "symbol": "ONDOUSDT",
    "side": "Buy",
    "price": 1.91647,
    "qty": 20.88,
    "timestamp": 1734115896164,
    "orderId": "1840291951891802368"
  },
  {
    "symbol": "ONDOUSDT",
    "side": "Sell",
    "price": 1.96698,
    "qty": 20.92,
    "timestamp": 1734107716350,
    "orderId": "1840223334739306752"
  },
  {
    "symbol": "ONDOUSDT",
    "side": "Buy",
    "price": 1.90954,
    "qty": 20.95,
    "timestamp": 1734105815412,
    "orderId": "1840207387567679744"
  },
  {
    "symbol": "ONDOUSDT",
    "side": "Sell",
    "price": 1.88153,
    "qty": 6.29,
    "timestamp": 1734087069520,
    "orderId": "1840050136575994112"
  },
  {
    "symbol": "ONDOUSDT",
    "side": "Sell",
    "price": 1.88167,
    "qty": 28.92,
    "timestamp": 1734087069520,
    "orderId": "1840050136575994112"
  },
  {
    "symbol": "ONDOUSDT",
    "side": "Sell",
    "price": 1.8817,
    "qty": 1.5,
    "timestamp": 1734087069520,
    "orderId": "1840050136575994112"
  },
  {
    "symbol": "ONDOUSDT",
    "side": "Sell",
    "price": 1.8818,
    "qty": 4.48,
    "timestamp": 1734087069520,
    "orderId": "1840050136575994112"
  },
  {
    "symbol": "ONDOUSDT",
    "side": "Sell",
    "price": 1.8822,
    "qty": 8.19,
    "timestamp": 1734087069520,
    "orderId": "1840050136575994112"
  },
  {
    "symbol": "ONDOUSDT",
    "side": "Buy",
    "price": 1.80824,
    "qty": 1.92,
    "timestamp": 1734073472151,
    "orderId": "1839847161538636032"
  },
  {
    "symbol": "ONDOUSDT",
    "side": "Buy",
    "price": 1.80824,
    "qty": 25.74,
    "timestamp": 1734073472150,
    "orderId": "1839847161538636032"
  },
  {
    "symbol": "ONDOUSDT",
    "side": "Buy",
    "price": 1.83621,
    "qty": 21.79,
    "timestamp": 1734062870780,
    "orderId": "1839847142832040192"
  },
  {
    "symbol": "ONDOUSDT",
    "side": "Sell",
    "price": 1.87648,
    "qty": 21.77,
    "timestamp": 1734055446274,
    "orderId": "1839784861570001152"
  },
  {
    "symbol": "ONDOUSDT",
    "side": "Sell",
    "price": 1.87662,
    "qty": 1.5,
    "timestamp": 1734055446274,
    "orderId": "1839784861570001152"
  },
  {
    "symbol": "ONDOUSDT",
    "side": "Sell",
    "price": 1.87672,
    "qty": 64.06,
    "timestamp": 1734055446274,
    "orderId": "1839784861570001152"
  },
  {
    "symbol": "ONDOUSDT",
    "side": "Sell",
    "price": 1.87678,
    "qty": 1.5,
    "timestamp": 1734055446274,
    "orderId": "1839784861570001152"
  },
  {
    "symbol": "ONDOUSDT",
    "side": "Sell",
    "price": 1.87681,
    "qty": 1.5,
    "timestamp": 1734055446274,
    "orderId": "1839784861570001152"
  },
  {
    "symbol": "ONDOUSDT",
    "side": "Buy",
    "price": 1.78407,
    "qty": 42.04,
    "timestamp": 1734031987084,
    "orderId": "1839305441633724672"
  },
  {
    "symbol": "ONDOUSDT",
    "side": "Buy",
    "price": 1.84733,
    "qty": 27.07,
    "timestamp": 1734001498633,
    "orderId": "1839305441751165184"
  },
  {
    "symbol": "ONDOUSDT",
    "side": "Buy",
    "price": 1.8759,
    "qty": 19.83,
    "timestamp": 1733998293393,
    "orderId": "1839305428446832896"
  },
  {
    "symbol": "ONDOUSDT",
    "side": "Buy",
    "price": 1.8759,
    "qty": 1.5,
    "timestamp": 1733998293393,
    "orderId": "1839305428446832896"
  },
  {
    "symbol": "ONDOUSDT",
    "side": "Sell",
    "price": 1.91877,
    "qty": 21.72,
    "timestamp": 1733995156553,
    "orderId": "1839279114725714176"
  },
  {
    "symbol": "ONDOUSDT",
    "side": "Buy",
    "price": 1.64514,
    "qty": 68.39,
    "timestamp": 1734819306715,
    "orderId": "1845784713978276096"
  },
  {
    "symbol": "ONDOUSDT",
    "side": "Buy",
    "price": 1.76936,
    "qty": 42.39,
    "timestamp": 1734784533059,
    "orderId": "1845764275487205632"
  },
  {
    "symbol": "ONDOUSDT",
    "side": "Buy",
    "price": 1.83209,
    "qty": 27.3,
    "timestamp": 1734770034209,
    "orderId": "1845764274908391680"
  },
  {
    "symbol": "ONDOUSDT",
    "side": "Buy",
    "price": 1.86192,
    "qty": 21.49,
    "timestamp": 1734768246175,
    "orderId": "1845763989712496896"
  },
  {
    "symbol": "ONDOUSDT",
    "side": "Sell",
    "price": 1.83774,
    "qty": 22.57,
    "timestamp": 1734743674339,
    "orderId": "1845558137021884672"
  },
  {
    "symbol": "ONDOUSDT",
    "side": "Buy",
    "price": 1.76801,
    "qty": 22.62,
    "timestamp": 1734739893323,
    "orderId": "1845526419560818944"
  },
  {
    "symbol": "ONDOUSDT",
    "side": "Sell",
    "price": 1.82301,
    "qty": 65.93,
    "timestamp": 1734736394005,
    "orderId": "1845497065153849600"
  },
  {
    "symbol": "ONDOUSDT",
    "side": "Sell",
    "price": 1.82311,
    "qty": 1.5,
    "timestamp": 1734736394005,
    "orderId": "1845497065153849600"
  },
  {
    "symbol": "ONDOUSDT",
    "side": "Sell",
    "price": 1.82313,
    "qty": 79.29,
    "timestamp": 1734736394005,
    "orderId": "1845497065153849600"
  },
  {
    "symbol": "ONDOUSDT",
    "side": "Sell",
    "price": 1.82329,
    "qty": 1.51,
    "timestamp": 1734736394005,
    "orderId": "1845497065153849600"
  },
  {
    "symbol": "ONDOUSDT",
    "side": "Sell",
    "price": 1.82331,
    "qty": 79.25,
    "timestamp": 1734736394005,
    "orderId": "1845497065153849600"
  },
  {
    "symbol": "ONDOUSDT",
    "side": "Sell",
    "price": 1.82332,
    "qty": 25.4,
    "timestamp": 1734736394005,
    "orderId": "1845497065153849600"
  },
  {
    "symbol": "ONDOUSDT",
    "side": "Buy",
    "price": 1.54865,
    "qty": 108.97,
    "timestamp": 1734689378162,
    "orderId": "1842651237481539840"
  },
  {
    "symbol": "ONDOUSDT",
    "side": "Buy",
    "price": 1.3992,
    "qty": 120.61,
    "timestamp": 1735349044356,
    "orderId": "1845900903614605568"
  },
  {
    "symbol": "ONDOUSDT",
    "side": "Buy",
    "price": 1.55115,
    "qty": 18.34,
    "timestamp": 1736063578035,
    "orderId": "1856630291725379840"
  },
  {
    "symbol": "ONDOUSDT",
    "side": "Buy",
    "price": 1.55114,
    "qty": 55.58,
    "timestamp": 1736063578035,
    "orderId": "1856630291725379840"
  },
  {
    "symbol": "ONDOUSDT",
    "side": "Buy",
    "price": 1.55114,
    "qty": 28.38,
    "timestamp": 1736063578035,
    "orderId": "1856630291725379840"
  },
  {
    "symbol": "ONDOUSDT",
    "side": "Buy",
    "price": 0.93,
    "qty": 64.51,
    "timestamp": 1738548452287,
    "orderId": "1830336013193799936"
  }
]