[
  {
    "symbol": "CPOOLUSDT",
    "side": "Buy",
    "price": 0.24029,
    "qty": 190.11,
    "timestamp": 1712291318438,
    "orderId": "1657212518206368000"
  },
  {
    "symbol": "CPOOLUSDT",
    "side": "Buy",
    "price": 0.24029,
    "qty": 41.57,
    "timestamp": 1712291126930,
    "orderId": "1657212518206368000"
  },
  {
    "symbol": "CPOOLUSDT",
    "side": "Buy",
    "price": 0.24029,
    "qty": 17.41,
    "timestamp": 1712291126930,
    "orderId": "1657212518206368000"
  },
  {
    "symbol": "CPOOLUSDT",
    "side": "Buy",
    "price": 0.24029,
    "qty": 49.12,
    "timestamp": 1712291126930,
    "orderId": "1657212518206368000"
  },
  {
    "symbol": "CPOOLUSDT",
    "side": "Buy",
    "price": 0.17,
    "qty": 470.58,
    "timestamp": 1712942972098,
    "orderId": "1649878304662317312"
  },
  {
    "symbol": "CPOOLUSDT",
    "side": "Buy",
    "price": 0.182,
    "qty": 76.43,
    "timestamp": 1712935326014,
    "orderId": "1662017365262821632"
  },
  {
    "symbol": "CPOOLUSDT",
    "side": "Buy",
    "price": 0.182,
    "qty": 216.59,
    "timestamp": 1712935318418,
    "orderId": "1662017365262821632"
  },
  {
    "symbol": "CPOOLUSDT",
    "side": "Buy",
    "price": 0.182,
    "qty": 178.02,
    "timestamp": 1712935315193,
    "orderId": "1662017365262821632"
  },
  {
    "symbol": "CPOOLUSDT",
    "side": "Buy",
    "price": 0.182,
    "qty": 353.13,
    "timestamp": 1712935297987,
    "orderId": "1662017365262821632"
  },
  {
    "symbol": "CPOOLUSDT",
    "side": "Sell",
    "price": 0.1857,
    "qty": 109.96,
    "timestamp": 1713955336029,
    "orderId": "1671149518697359616"
  },
  {
    "symbol": "CPOOLUSDT",
    "side": "Buy",
    "price": 0.18169,
    "qty": 7.29,
    "timestamp": 1713952545442,
    "orderId": "1671149329450363136"
  },
  {
    "symbol": "CPOOLUSDT",
    "side": "Buy",
    "price": 0.18169,
    "qty": 36.39,
    "timestamp": 1713952524297,
    "orderId": "1671149329450363136"
  },
  {
    "symbol": "CPOOLUSDT",
    "side": "Buy",
    "price": 0.18169,
    "qty": 66.4,
    "timestamp": 1713952524297,
    "orderId": "1671149329450363136"
  },
  {
    "symbol": "CPOOLUSDT",
    "side": "Sell",
    "price": 0.18602,
    "qty": 109.79,
    "timestamp": 1713937955635,
    "orderId": "1670996512592980224"
  },
  {
    "symbol": "CPOOLUSDT",
    "side": "Buy",
    "price": 0.182,
    "qty": 109.9,
    "timestamp": 1713934306107,
    "orderId": "1670996248444102912"
  },
  {
    "symbol": "CPOOLUSDT",
    "side": "Sell",
    "price": 0.2065,
    "qty": 197.79,
    "timestamp": 1713676380263,
    "orderId": "1668812368781863168"
  },
  {
    "symbol": "CPOOLUSDT",
    "side": "Buy",
    "price": 0.20025,
    "qty": 99.88,
    "timestamp": 1713673933882,
    "orderId": "1668632795494574336"
  },
  {
    "symbol": "CPOOLUSDT",
    "side": "Buy",
    "price": 0.20387,
    "qty": 98.11,
    "timestamp": 1713652527730,
    "orderId": "1668632775848454400"
  },
  {
    "symbol": "CPOOLUSDT",
    "side": "Sell",
    "price": 0.18406,
    "qty": 48.87,
    "timestamp": 1713529460931,
    "orderId": "1667580313263761664"
  },
  {
    "symbol": "CPOOLUSDT",
    "side": "Sell",
    "price": 0.18406,
    "qty": 62.06,
    "timestamp": 1713529361792,
    "orderId": "1667580313263761664"
  },
  {
    "symbol": "CPOOLUSDT",
    "side": "Buy",
    "price": 0.18009,
    "qty": 111.05,
    "timestamp": 1713527062403,
    "orderId": "1667580296402659584"
  },
  {
    "symbol": "CPOOLUSDT",
    "side": "Buy",
    "price": 0.16099,
    "qty": 631.35,
    "timestamp": 1714189652585,
    "orderId": "1672115408523847936"
  },
  {
    "symbol": "CPOOLUSDT",
    "side": "Sell",
    "price": 0.15252,
    "qty": 133.89,
    "timestamp": 1714979734337,
    "orderId": "1679733927822321920"
  },
  {
    "symbol": "CPOOLUSDT",
    "side": "Buy",
    "price": 0.14923,
    "qty": 134.03,
    "timestamp": 1714975886518,
    "orderId": "1679733913972730112"
  },
  {
    "symbol": "CPOOLUSDT",
    "side": "Sell",
    "price": 0.15596,
    "qty": 130.94,
    "timestamp": 1714769013116,
    "orderId": "1677875321040627968"
  },
  {
    "symbol": "CPOOLUSDT",
    "side": "Buy",
    "price": 0.15259,
    "qty": 8.27,
    "timestamp": 1714754323167,
    "orderId": "1677875123983837440"
  },
  {
    "symbol": "CPOOLUSDT",
    "side": "Buy",
    "price": 0.15259,
    "qty": 38.37,
    "timestamp": 1714754301485,
    "orderId": "1677875123983837440"
  },
  {
    "symbol": "CPOOLUSDT",
    "side": "Buy",
    "price": 0.15259,
    "qty": 84.44,
    "timestamp": 1714754301485,
    "orderId": "1677875123983837440"
  },
  {
    "symbol": "CPOOLUSDT",
    "side": "Buy",
    "price": 0.1526,
    "qty": 524.24,
    "timestamp": 1714754024717,
    "orderId": "1677872782983391488"
  },
  {
    "symbol": "CPOOLUSDT",
    "side": "Buy",
    "price": 0.19309,
    "qty": 103.58,
    "timestamp": 1716440736853,
    "orderId": "1691964016865667328"
  },
  {
    "symbol": "CPOOLUSDT",
    "side": "Buy",
    "price": 0.19658,
    "qty": 101.74,
    "timestamp": 1716433826494,
    "orderId": "1691964000147171584"
  },
  {
    "symbol": "CPOOLUSDT",
    "side": "Sell",
    "price": 0.16554,
    "qty": 92.8,
    "timestamp": 1716230864497,
    "orderId": "1690242682691348736"
  },
  {
    "symbol": "CPOOLUSDT",
    "side": "Sell",
    "price": 0.16554,
    "qty": 30.56,
    "timestamp": 1716230864462,
    "orderId": "1690242682691348736"
  },
  {
    "symbol": "CPOOLUSDT",
    "side": "Buy",
    "price": 0.16196,
    "qty": 123.49,
    "timestamp": 1716228627885,
    "orderId": "1690242670217488640"
  },
  {
    "symbol": "CPOOLUSDT",
    "side": "Sell",
    "price": 0.15549,
    "qty": 66.56,
    "timestamp": 1715930682254,
    "orderId": "1687743321113716992"
  },
  {
    "symbol": "CPOOLUSDT",
    "side": "Sell",
    "price": 0.15562,
    "qty": 49.79,
    "timestamp": 1715930682254,
    "orderId": "1687743321113716992"
  },
  {
    "symbol": "CPOOLUSDT",
    "side": "Sell",
    "price": 0.15562,
    "qty": 49.79,
    "timestamp": 1715930682254,
    "orderId": "1687743321113716992"
  },
  {
    "symbol": "CPOOLUSDT",
    "side": "Sell",
    "price": 0.15565,
    "qty": 360.59,
    "timestamp": 1715930682254,
    "orderId": "1687743321113716992"
  },
  {
    "symbol": "CPOOLUSDT",
    "side": "Sell",
    "price": 0.15579,
    "qty": 90.69,
    "timestamp": 1715930682254,
    "orderId": "1687743321113716992"
  },
  {
    "symbol": "CPOOLUSDT",
    "side": "Sell",
    "price": 0.1558,
    "qty": 197.37,
    "timestamp": 1715930682254,
    "orderId": "1687743321113716992"
  },
  {
    "symbol": "CPOOLUSDT",
    "side": "Sell",
    "price": 0.15604,
    "qty": 96.95,
    "timestamp": 1715930682254,
    "orderId": "1687743321113716992"
  },
  {
    "symbol": "CPOOLUSDT",
    "side": "Sell",
    "price": 0.15605,
    "qty": 197.37,
    "timestamp": 1715930682254,
    "orderId": "1687743321113716992"
  },
  {
    "symbol": "CPOOLUSDT",
    "side": "Sell",
    "price": 0.15607,
    "qty": 66.43,
    "timestamp": 1715930682254,
    "orderId": "1687743321113716992"
  },
  {
    "symbol": "CPOOLUSDT",
    "side": "Sell",
    "price": 0.15607,
    "qty": 197.37,
    "timestamp": 1715930682254,
    "orderId": "1687743321113716992"
  },
  {
    "symbol": "CPOOLUSDT",
    "side": "Sell",
    "price": 0.19994,
    "qty": 509.67,
    "timestamp": 1716944863286,
    "orderId": "1695635308638726400"
  },
  {
    "symbol": "CPOOLUSDT",
    "side": "Buy",
    "price": 0.18523,
    "qty": 182.48,
    "timestamp": 1716871478161,
    "orderId": "1695572345793898752"
  },
  {
    "symbol": "CPOOLUSDT",
    "side": "Buy",
    "price": 0.19641,
    "qty": 132.38,
    "timestamp": 1716863973183,
    "orderId": "1695350270416218368"
  },
  {
    "symbol": "CPOOLUSDT",
    "side": "Buy",
    "price": 0.20298,
    "qty": 40.92,
    "timestamp": 1716837499534,
    "orderId": "1695252663241107712"
  },
  {
    "symbol": "CPOOLUSDT",
    "side": "Buy",
    "price": 0.20298,
    "qty": 25.3,
    "timestamp": 1716837082451,
    "orderId": "1695252663241107712"
  },
  {
    "symbol": "CPOOLUSDT",
    "side": "Buy",
    "price": 0.20298,
    "qty": 32.32,
    "timestamp": 1716837082442,
    "orderId": "1695252663241107712"
  },
  {
    "symbol": "CPOOLUSDT",
    "side": "Buy",
    "price": 0.20665,
    "qty": 96.79,
    "timestamp": 1716825863765,
    "orderId": "1695252647797680384"
  },
  {
    "symbol": "CPOOLUSDT",
    "side": "Sell",
    "price": 0.21531,
    "qty": 94.84,
    "timestamp": 1716584395238,
    "orderId": "1693208179720415488"
  },
  {
    "symbol": "CPOOLUSDT",
    "side": "Buy",
    "price": 0.21066,
    "qty": 94.94,
    "timestamp": 1716582143076,
    "orderId": "1693208170576832768"
  },
  {
    "symbol": "CPOOLUSDT",
    "side": "Sell",
    "price": 0.18791,
    "qty": 108.68,
    "timestamp": 1716503624003,
    "orderId": "1692539311293294848"
  },
  {
    "symbol": "CPOOLUSDT",
    "side": "Buy",
    "price": 0.18385,
    "qty": 108.79,
    "timestamp": 1716502406394,
    "orderId": "1692539290808314112"
  },
  {
    "symbol": "CPOOLUSDT",
    "side": "Sell",
    "price": 0.19582,
    "qty": 344.13,
    "timestamp": 1716463132338,
    "orderId": "1692188315031529728"
  },
  {
    "symbol": "CPOOLUSDT",
    "side": "Buy",
    "price": 0.18684,
    "qty": 139.16,
    "timestamp": 1716460565053,
    "orderId": "1692021983405238528"
  },
  {
    "symbol": "CPOOLUSDT",
    "side": "Sell",
    "price": 0.22276,
    "qty": 189.92,
    "timestamp": 1717492793575,
    "orderId": "1700847260637948160"
  },
  {
    "symbol": "CPOOLUSDT",
    "side": "Sell",
    "price": 0.22281,
    "qty": 138.01,
    "timestamp": 1717492793575,
    "orderId": "1700847260637948160"
  },
  {
    "symbol": "CPOOLUSDT",
    "side": "Sell",
    "price": 0.22283,
    "qty": 51.36,
    "timestamp": 1717492793575,
    "orderId": "1700847260637948160"
  },
  {
    "symbol": "CPOOLUSDT",
    "side": "Sell",
    "price": 0.22306,
    "qty": 82.31,
    "timestamp": 1717492793575,
    "orderId": "1700847260637948160"
  },
  {
    "symbol": "CPOOLUSDT",
    "side": "Sell",
    "price": 0.22328,
    "qty": 45.43,
    "timestamp": 1717492793575,
    "orderId": "1700847260637948160"
  },
  {
    "symbol": "CPOOLUSDT",
    "side": "Sell",
    "price": 0.22328,
    "qty": 159.63,
    "timestamp": 1717492793575,
    "orderId": "1700847260637948160"
  },
  {
    "symbol": "CPOOLUSDT",
    "side": "Buy",
    "price": 0.19175,
    "qty": 240.36,
    "timestamp": 1718090527303,
    "orderId": "1705861414562130176"
  },
  {
    "symbol": "CPOOLUSDT",
    "side": "Buy",
    "price": 0.19174,
    "qty": 123.31,
    "timestamp": 1718090527303,
    "orderId": "1705861414562130176"
  },
  {
    "symbol": "CPOOLUSDT",
    "side": "Buy",
    "price": 0.19171,
    "qty": 102.45,
    "timestamp": 1718090527303,
    "orderId": "1705861414562130176"
  },
  {
    "symbol": "CPOOLUSDT",
    "side": "Buy",
    "price": 0.1916,
    "qty": 70.69,
    "timestamp": 1718090527303,
    "orderId": "1705861414562130176"
  },
  {
    "symbol": "CPOOLUSDT",
    "side": "Buy",
    "price": 0.19157,
    "qty": 9.97,
    "timestamp": 1718090527303,
    "orderId": "1705861414562130176"
  },
  {
    "symbol": "CPOOLUSDT",
    "side": "Buy",
    "price": 0.19156,
    "qty": 119.43,
    "timestamp": 1718090527303,
    "orderId": "1705861414562130176"
  },
  {
    "symbol": "CPOOLUSDT",
    "side": "Buy",
    "price": 0.135,
    "qty": 370.37,
    "timestamp": 1719461827266,
    "orderId": "1715700071687088384"
  },
  {
    "symbol": "CPOOLUSDT",
    "side": "Buy",
    "price": 0.11058,
    "qty": 510.0,
    "timestamp": 1720405499431,
    "orderId": "1725280649696602368"
  },
  {
    "symbol": "CPOOLUSDT",
    "side": "Sell",
    "price": 0.15242,
    "qty": 133.97,
    "timestamp": 1721187647918,
    "orderId": "1731776808065788160"
  },
  {
    "symbol": "CPOOLUSDT",
    "side": "Buy",
    "price": 0.14901,
    "qty": 134.22,
    "timestamp": 1721179881585,
    "orderId": "1731776796623726848"
  },
  {
    "symbol": "CPOOLUSDT",
    "side": "Buy",
    "price": 0.14418,
    "qty": 234.43,
    "timestamp": 1721873042028,
    "orderId": "1736494109805603072"
  },
  {
    "symbol": "CPOOLUSDT",
    "side": "Buy",
    "price": 0.15289,
    "qty": 170.06,
    "timestamp": 1721742227346,
    "orderId": "1736325635787548928"
  },
  {
    "symbol": "CPOOLUSDT",
    "side": "Buy",
    "price": 0.15801,
    "qty": 20.92,
    "timestamp": 1721722144068,
    "orderId": "1736317196604631296"
  },
  {
    "symbol": "CPOOLUSDT",
    "side": "Buy",
    "price": 0.15801,
    "qty": 32.99,
    "timestamp": 1721722142939,
    "orderId": "1736317196604631296"
  },
  {
    "symbol": "CPOOLUSDT",
    "side": "Buy",
    "price": 0.15801,
    "qty": 72.67,
    "timestamp": 1721722142203,
    "orderId": "1736317196604631296"
  },
  {
    "symbol": "CPOOLUSDT",
    "side": "Buy",
    "price": 0.16102,
    "qty": 8.57,
    "timestamp": 1721721137716,
    "orderId": "1736317182117505280"
  },
  {
    "symbol": "CPOOLUSDT",
    "side": "Buy",
    "price": 0.161,
    "qty": 16.32,
    "timestamp": 1721721077157,
    "orderId": "1736316674111793408"
  },
  {
    "symbol": "CPOOLUSDT",
    "side": "Buy",
    "price": 0.161,
    "qty": 99.34,
    "timestamp": 1721721077157,
    "orderId": "1736316674111793408"
  },
  {
    "symbol": "CPOOLUSDT",
    "side": "Sell",
    "price": 0.15564,
    "qty": 654.75,
    "timestamp": 1722014889185,
    "orderId": "1737591468237089024"
  },
  {
    "symbol": "CPOOLUSDT",
    "side": "Buy",
    "price": 0.09882,
    "qty": 60.74,
    "timestamp": 1722658111861,
    "orderId": "1744175121524156672"
  },
  {
    "symbol": "CPOOLUSDT",
    "side": "Buy",
    "price": 0.09882,
    "qty": 182.14,
    "timestamp": 1722658111832,
    "orderId": "1744175121524156672"
  },
  {
    "symbol": "CPOOLUSDT",
    "side": "Buy",
    "price": 0.09882,
    "qty": 182.14,
    "timestamp": 1722658111827,
    "orderId": "1744175121524156672"
  },
  {
    "symbol": "CPOOLUSDT",
    "side": "Buy",
    "price": 0.09882,
    "qty": 182.14,
    "timestamp": 1722658111818,
    "orderId": "1744175121524156672"
  },
  {
    "symbol": "CPOOLUSDT",
    "side": "Buy",
    "price": 0.11645,
    "qty": 686.93,
    "timestamp": 1722565870509,
    "orderId": "1743403314391116032"
  },
  {
    "symbol": "CPOOLUSDT",
    "side": "Sell",
    "price": 0.10046,
    "qty": 203.45,
    "timestamp": 1723282050331,
    "orderId": "1749351088609650944"
  },
  {
    "symbol": "CPOOLUSDT",
    "side": "Buy",
    "price": 0.09813,
    "qty": 63.59,
    "timestamp": 1723274898748,
    "orderId": "1749351074357405952"
  },
  {
    "symbol": "CPOOLUSDT",
    "side": "Buy",
    "price": 0.09813,
    "qty": 48.38,
    "timestamp": 1723274898748,
    "orderId": "1749351074357405952"
  },
  {
    "symbol": "CPOOLUSDT",
    "side": "Buy",
    "price": 0.09813,
    "qty": 91.85,
    "timestamp": 1723274898748,
    "orderId": "1749351074357405952"
  },
  {
    "symbol": "CPOOLUSDT",
    "side": "Sell",
    "price": 0.13129,
    "qty": 583.65,
    "timestamp": 1724689224684,
    "orderId": "1761214997884922112"
  },
  {
    "symbol": "CPOOLUSDT",
    "side": "Sell",
    "price": 0.1313,
    "qty": 200.0,
    "timestamp": 1724689188644,
    "orderId": "1761214997884922112"
  },
  {
    "symbol": "CPOOLUSDT",
    "side": "Sell",
    "price": 0.13131,
    "qty": 53.47,
    "timestamp": 1724689188644,
    "orderId": "1761214997884922112"
  },
  {
    "symbol": "CPOOLUSDT",
    "side": "Sell",
    "price": 0.13132,
    "qty": 28.27,
    "timestamp": 1724689188644,
    "orderId": "1761214997884922112"
  },
  {
    "symbol": "CPOOLUSDT",
    "side": "Sell",
    "price": 0.13132,
    "qty": 56.45,
    "timestamp": 1724689188644,
    "orderId": "1761214997884922112"
  },
  {
    "symbol": "CPOOLUSDT",
    "side": "Sell",
    "price": 0.13163,
    "qty": 56.45,
    "timestamp": 1724689188644,
    "orderId": "1761214997884922112"
  },
  {
    "symbol": "CPOOLUSDT",
    "side": "Sell",
    "price": 0.13164,
    "qty": 84.72,
    "timestamp": 1724689188644,
    "orderId": "1761214997884922112"
  },
  {
    "symbol": "CPOOLUSDT",
    "side": "Sell",
    "price": 0.12395,
    "qty": 873.74,
    "timestamp": 1724473838374,
    "orderId": "1759376233541757184"
  },
  {
    "symbol": "CPOOLUSDT",
    "side": "Sell",
    "price": 0.12395,
    "qty": 12.1,
    "timestamp": 1724470392048,
    "orderId": "1759376233541757184"
  },
  {
    "symbol": "CPOOLUSDT",
    "side": "Sell",
    "price": 0.1248,
    "qty": 108.59,
    "timestamp": 1726111336257,
    "orderId": "1773144538169567488"
  },
  {
    "symbol": "CPOOLUSDT",
    "side": "Sell",
    "price": 0.1248,
    "qty": 143.0,
    "timestamp": 1726111321157,
    "orderId": "1773144538169567488"
  },
  {
    "symbol": "CPOOLUSDT",
    "side": "Sell",
    "price": 0.1248,
    "qty": 53.83,
    "timestamp": 1726111302985,
    "orderId": "1773144538169567488"
  },
  {
    "symbol": "CPOOLUSDT",
    "side": "Sell",
    "price": 0.1248,
    "qty": 237.73,
    "timestamp": 1726111300666,
    "orderId": "1773144538169567488"
  },
  {
    "symbol": "CPOOLUSDT",
    "side": "Sell",
    "price": 0.12482,
    "qty": 237.73,
    "timestamp": 1726111300666,
    "orderId": "1773144538169567488"
  },
  {
    "symbol": "CPOOLUSDT",
    "side": "Sell",
    "price": 0.12483,
    "qty": 43.45,
    "timestamp": 1726111300666,
    "orderId": "1773144538169567488"
  },
  {
    "symbol": "CPOOLUSDT",
    "side": "Buy",
    "price": 0.10329,
    "qty": 774.51,
    "timestamp": 1725617357648,
    "orderId": "1762992462449961216"
  },
  {
    "symbol": "CPOOLUSDT",
    "side": "Buy",
    "price": 0.102,
    "qty": 373.11,
    "timestamp": 1725617061981,
    "orderId": "1764524072727046400"
  },
  {
    "symbol": "CPOOLUSDT",
    "side": "Buy",
    "price": 0.10762,
    "qty": 557.51,
    "timestamp": 1725568039176,
    "orderId": "1768584634138192128"
  },
  {
    "symbol": "CPOOLUSDT",
    "side": "Sell",
    "price": 0.1737,
    "qty": 45.78,
    "timestamp": 1729580963952,
    "orderId": "1802230348000880896"
  },
  {
    "symbol": "CPOOLUSDT",
    "side": "Sell",
    "price": 0.1737,
    "qty": 142.82,
    "timestamp": 1729578610677,
    "orderId": "1802230348000880896"
  },
  {
    "symbol": "CPOOLUSDT",
    "side": "Sell",
    "price": 0.1737,
    "qty": 374.22,
    "timestamp": 1729578599391,
    "orderId": "1802230348000880896"
  },
  {
    "symbol": "CPOOLUSDT",
    "side": "Sell",
    "price": 0.17371,
    "qty": 55.43,
    "timestamp": 1729578599391,
    "orderId": "1802230348000880896"
  },
  {
    "symbol": "CPOOLUSDT",
    "side": "Sell",
    "price": 0.22989,
    "qty": 199.9,
    "timestamp": 1730224377097,
    "orderId": "1807647523201181952"
  },
  {
    "symbol": "CPOOLUSDT",
    "side": "Sell",
    "price": 0.22989,
    "qty": 108.58,
    "timestamp": 1730224377093,
    "orderId": "1807647523201181952"
  },
  {
    "symbol": "CPOOLUSDT",
    "side": "Sell",
    "price": 0.22989,
    "qty": 39.28,
    "timestamp": 1730224376998,
    "orderId": "1807647523201181952"
  },
  {
    "symbol": "CPOOLUSDT",
    "side": "Sell",
    "price": 0.19533,
    "qty": 291.88,
    "timestamp": 1730087902571,
    "orderId": "1806502692714277120"
  },
  {
    "symbol": "CPOOLUSDT",
    "side": "Sell",
    "price": 0.19534,
    "qty": 171.8,
    "timestamp": 1730087902571,
    "orderId": "1806502692714277120"
  },
  {
    "symbol": "CPOOLUSDT",
    "side": "Sell",
    "price": 0.48,
    "qty": 521.65,
    "timestamp": 1733827578883,
    "orderId": "1835448966305900800"
  },
  {
    "symbol": "CPOOLUSDT",
    "side": "Buy",
    "price": 0.4,
    "qty": 150.0,
    "timestamp": 1734552611387,
    "orderId": "1840898067038300416"
  },
  {
    "symbol": "CPOOLUSDT",
    "side": "Buy",
    "price": 0.45634,
    "qty": 118.39,
    "timestamp": 1734533833104,
    "orderId": "1842953887435548928"
  },
  {
    "symbol": "CPOOLUSDT",
    "side": "Buy",
    "price": 0.45634,
    "qty": 13.09,
    "timestamp": 1734433465845,
    "orderId": "1842953887435548928"
  },
  {
    "symbol": "CPOOLUSDT",
    "side": "Sell",
    "price": 0.53182,
    "qty": 7.57,
    "timestamp": 1734122653285,
    "orderId": "1840348273744111872"
  },
  {
    "symbol": "CPOOLUSDT",
    "side": "Sell",
    "price": 0.53182,
    "qty": 75.43,
    "timestamp": 1734122653082,
    "orderId": "1840348273744111872"
  },
  {
    "symbol": "CPOOLUSDT",
    "side": "Sell",
    "price": 0.53182,
    "qty": 177.83,
    "timestamp": 1734122653017,
    "orderId": "1840348273744111872"
  },
  {
    "symbol": "CPOOLUSDT",
    "side": "Sell",
    "price": 0.5,
    "qty": 210.9,
    "timestamp": 1734627284643,
    "orderId": "1844575078323677440"
  },
  {
    "symbol": "CPOOLUSDT",
    "side": "Buy",
    "price": 0.3158,
    "qty": 33.33,
    "timestamp": 1736356990712,
    "orderId": "1822819277800302848"
  },
  {
    "symbol": "CPOOLUSDT",
    "side": "Buy",
    "price": 0.25528,
    "qty": 66.66,
    "timestamp": 1736770257974,
    "orderId": "1822819277800302849"
  },
  {
    "symbol": "CPOOLUSDT",
    "side": "Buy",
    "price": 0.24614,
    "qty": 80.0,
    "timestamp": 1738517786888,
    "orderId": "1822819277800302850"
  }
]