[
  {
    "symbol": "MNTUSDT",
    "side": "Buy",
    "price": 0.46,
    "qty": 170.86,
    "timestamp": 1700611371120,
    "orderId": "1559065127326848512"
  },
  {
    "symbol": "MNTUSDT",
    "side": "Buy",
    "price": 0.49,
    "qty": 159.89,
    "timestamp": 1700417395735,
    "orderId": "1557439139144799744"
  },
  {
    "symbol": "MNTUSDT",
    "side": "Sell",
    "price": 0.51,
    "qty": 14.68,
    "timestamp": 1700231659603,
    "orderId": "1555990784325719552"
  },
  {
    "symbol": "MNTUSDT",
    "side": "Sell",
    "price": 0.51,
    "qty": 96.92,
    "timestamp": 1700231659180,
    "orderId": "1555990784325719552"
  },
  {
    "symbol": "MNTUSDT",
    "side": "Sell",
    "price": 0.51,
    "qty": 89.69,
    "timestamp": 1700231659059,
    "orderId": "1555990784325719552"
  },
  {
    "symbol": "MNTUSDT",
    "side": "Sell",
    "price": 0.518,
    "qty": 129.0,
    "timestamp": 1700791327217,
    "orderId": "1560511039894984192"
  },
  {
    "symbol": "MNTUSDT",
    "side": "Sell",
    "price": 0.5359,
    "qty": 149.28,
    "timestamp": 1701392599778,
    "orderId": "1565789046150796800"
  },
  {
    "symbol": "MNTUSDT",
    "side": "Buy",
    "price": 0.58,
    "qty": 137.93,
    "timestamp": 1703644743208,
    "orderId": "1583941004485203456"
  },
  {
    "symbol": "MNTUSDT",
    "side": "Buy",
    "price": 0.6119,
    "qty": 163.42,
    "timestamp": 1704285003857,
    "orderId": "1590052262598940160"
  },
  {
    "symbol": "MNTUSDT",
    "side": "Buy",
    "price": 0.634,
    "qty": 87.36,
    "timestamp": 1704283309758,
    "orderId": "1588716033689261568"
  },
  {
    "symbol": "MNTUSDT",
    "side": "Sell",
    "price": 0.648,
    "qty": 74.55,
    "timestamp": 1703804075039,
    "orderId": "1585652992307369472"
  },
  {
    "symbol": "MNTUSDT",
    "side": "Buy",
    "price": 0.5918,
    "qty": 76.78,
    "timestamp": 1704424194688,
    "orderId": "1591219907457193472"
  },
  {
    "symbol": "MNTUSDT",
    "side": "Buy",
    "price": 0.7,
    "qty": 70.36,
    "timestamp": 1705583973313,
    "orderId": "1600639666288334336"
  },
  {
    "symbol": "MNTUSDT",
    "side": "Buy",
    "price": 0.613,
    "qty": 130.28,
    "timestamp": 1707336388613,
    "orderId": "1615649160722388480"
  },
  {
    "symbol": "MNTUSDT",
    "side": "Buy",
    "price": 0.613,
    "qty": 0.16,
    "timestamp": 1707336388613,
    "orderId": "1615649160722388480"
  },
  {
    "symbol": "MNTUSDT",
    "side": "Buy",
    "price": 0.7543,
    "qty": 160.0,
    "timestamp": 1708442963536,
    "orderId": "1624566702526436864"
  },
  {
    "symbol": "MNTUSDT",
    "side": "Buy",
    "price": 0.7957,
    "qty": 117.74,
    "timestamp": 1710888769999,
    "orderId": "1645238092258699520"
  },
  {
    "symbol": "MNTUSDT",
    "side": "Buy",
    "price": 0.88,
    "qty": 150.0,
    "timestamp": 1710473157516,
    "orderId": "1641946092998584576"
  },
  {
    "symbol": "MNTUSDT",
    "side": "Buy",
    "price": 0.867,
    "qty": 165.64,
    "timestamp": 1711381840653,
    "orderId": "1649584872068835584"
  },
  {
    "symbol": "MNTUSDT",
    "side": "Buy",
    "price": 0.867,
    "qty": 7.37,
    "timestamp": 1711381840653,
    "orderId": "1649584872068835584"
  },
  {
    "symbol": "MNTUSDT",
    "side": "Buy",
    "price": 0.8387,
    "qty": 64.94,
    "timestamp": 1711017679753,
    "orderId": "1646530069038196992"
  },
  {
    "symbol": "MNTUSDT",
    "side": "Buy",
    "price": 0.77,
    "qty": 116.34,
    "timestamp": 1719974418261,
    "orderId": "1721654250070960385"
  },
  {
    "symbol": "MNTUSDT",
    "side": "Buy",
    "price": 0.6165,
    "qty": 162.2,
    "timestamp": 1722875401026,
    "orderId": "1745999840426682624"
  },
  {
    "symbol": "MNTUSDT",
    "side": "Buy",
    "price": 0.5312,
    "qty": 188.11,
    "timestamp": 1722862821073,
    "orderId": "1745894316276279552"
  },
  {
    "symbol": "MNTUSDT",
    "side": "Buy",
    "price": 0.6062,
    "qty": 150.0,
    "timestamp": 1724332571940,
    "orderId": "1758223385424652544"
  },
  {
    "symbol": "MNTUSDT",
    "side": "Buy",
    "price": 0.584,
    "qty": 136.98,
    "timestamp": 1728592297402,
    "orderId": "1793956647237150976"
  },
  {
    "symbol": "MNTUSDT",
    "side": "Sell",
    "price": 1.1721,
    "qty": 150.0,
    "timestamp": 1733750806236,
    "orderId": "1837191508198254848"
  },
  {
    "symbol": "MNTUSDT",
    "side": "Sell",
    "price": 1.1375,
    "qty": 357.64,
    "timestamp": 1733746251829,
    "orderId": "1837191150566729984"
  },
  {
    "symbol": "MNTUSDT",
    "side": "Sell",
    "price": 1.1376,
    "qty": 542.36,
    "timestamp": 1733746251829,
    "orderId": "1837191150566729984"
  },
  {
    "symbol": "MNTUSDT",
    "side": "Buy",
    "price": 1.2581,
    "qty": 120.0,
    "timestamp": 1735715023072,
    "orderId": "1853706165876517120"
  },
  {
    "symbol": "MNTUSDT",
    "side": "Buy",
    "price": 1.2,
    "qty": 88.37,
    "timestamp": 1736355814632,
    "orderId": "1858312876058831104"
  },
  {
    "symbol": "MNTUSDT",
    "side": "Buy",
    "price": 1.3693,
    "qty": 80.0,
    "timestamp": 1735962195917,
    "orderId": "1855779836879268096"
  },
  {
    "symbol": "MNTUSDT",
    "side": "Buy",
    "price": 0.8464,
    "qty": 80.0,
    "timestamp": 1738547754833,
    "orderId": "1823256950679628032"
  },
  {
    "symbol": "MNTUSDT",
    "side": "Buy",
    "price": 0.8961,
    "qty": 45.76,
    "timestamp": 1738547695198,
    "orderId": "1823256950671239424"
  },
  {
    "symbol": "MNTUSDT",
    "side": "Buy",
    "price": 0.8961,
    "qty": 18.24,
    "timestamp": 1738547695189,
    "orderId": "1823256950671239424"
  }
]