[
  {
    "symbol": "PENDLEUSDT",
    "side": "Sell",
    "price": 2.8,
    "qty": 19.79,
    "timestamp": 1706853024292,
    "orderId": "1605828076271572480"
  },
  {
    "symbol": "PENDLEUSDT",
    "side": "Buy",
    "price": 3.2416,
    "qty": 20.08,
    "timestamp": 1707336442536,
    "orderId": "1615649613052909056"
  },
  {
    "symbol": "PENDLEUSDT",
    "side": "Buy",
    "price": 2.8,
    "qty": 28.57,
    "timestamp": 1708354278112,
    "orderId": "1619203938933020160"
  },
  {
    "symbol": "PENDLEUSDT",
    "side": "Buy",
    "price": 2.7,
    "qty": 24.51,
    "timestamp": 1710445429595,
    "orderId": "1641558278742042880"
  },
  {
    "symbol": "PENDLEUSDT",
    "side": "Buy",
    "price": 2.7537,
    "qty": 54.32,
    "timestamp": 1710442333085,
    "orderId": "1641703711367850240"
  },
  {
    "symbol": "PENDLEUSDT",
    "side": "Sell",
    "price": 3.9793,
    "qty": 32.98,
    "timestamp": 1711346552835,
    "orderId": "1649288856396458240"
  },
  {
    "symbol": "PENDLEUSDT",
    "side": "Sell",
    "price": 3.4693,
    "qty": 32.97,
    "timestamp": 1711163564840,
    "orderId": "1647753841737033984"
  },
  {
    "symbol": "PENDLEUSDT",
    "side": "Sell",
    "price": 3.5,
    "qty": 17.71,
    "timestamp": 1711161507509,
    "orderId": "1634757797973595648"
  },
  {
    "symbol": "PENDLEUSDT",
    "side": "Sell",
    "price": 2.983,
    "qty": 0.01,
    "timestamp": 1711114681022,
    "orderId": "1647343766363007232"
  },
  {
    "symbol": "PENDLEUSDT",
    "side": "Sell",
    "price": 2.983,
    "qty": 65.93,
    "timestamp": 1711114681021,
    "orderId": "1647343766363007232"
  },
  {
    "symbol": "PENDLEUSDT",
    "side": "Buy",
    "price": 4.1,
    "qty": 29.26,
    "timestamp": 1715566934340,
    "orderId": "1677545305887041792"
  },
  {
    "symbol": "PENDLEUSDT",
    "side": "Buy",
    "price": 5.4385,
    "qty": 0.43,
    "timestamp": 1717847643819,
    "orderId": "1703420931055380736"
  },
  {
    "symbol": "PENDLEUSDT",
    "side": "Buy",
    "price": 5.4385,
    "qty": 21.63,
    "timestamp": 1717847643117,
    "orderId": "1703420931055380736"
  },
  {
    "symbol": "PENDLEUSDT",
    "side": "Sell",
    "price": 6.1742,
    "qty": 0.01,
    "timestamp": 1719039929209,
    "orderId": "1713825513271027968"
  },
  {
    "symbol": "PENDLEUSDT",
    "side": "Sell",
    "price": 6.1742,
    "qty": 21.66,
    "timestamp": 1719039921864,
    "orderId": "1713825513271027968"
  },
  {
    "symbol": "PENDLEUSDT",
    "side": "Sell",
    "price": 6.1746,
    "qty": 3.96,
    "timestamp": 1719039921851,
    "orderId": "1713825513271027968"
  },
  {
    "symbol": "PENDLEUSDT",
    "side": "Buy",
    "price": 5.2741,
    "qty": 12.93,
    "timestamp": 1719511328129,
    "orderId": "1717723403584366848"
  },
  {
    "symbol": "PENDLEUSDT",
    "side": "Buy",
    "price": 5.274,
    "qty": 1.29,
    "timestamp": 1719511328129,
    "orderId": "1717723403584366848"
  },
  {
    "symbol": "PENDLEUSDT",
    "side": "Buy",
    "price": 5.2727,
    "qty": 0.94,
    "timestamp": 1719511328129,
    "orderId": "1717723403584366848"
  },
  {
    "symbol": "PENDLEUSDT",
    "side": "Buy",
    "price": 1.9074,
    "qty": 0.01,
    "timestamp": 1722862805762,
    "orderId": "1745894165272946944"
  },
  {
    "symbol": "PENDLEUSDT",
    "side": "Buy",
    "price": 1.9074,
    "qty": 41.93,
    "timestamp": 1722862805760,
    "orderId": "1745894165272946944"
  },
  {
    "symbol": "PENDLEUSDT",
    "side": "Sell",
    "price": 5.6,
    "qty": 30.0,
    "timestamp": 1732893220534,
    "orderId": "1829417517744220416"
  },
  {
    "symbol": "PENDLEUSDT",
    "side": "Buy",
    "price": 4.433,
    "qty": 13.53,
    "timestamp": 1734686653049,
    "orderId": "1845079807780808960"
  },
  {
    "symbol": "PENDLEUSDT",
    "side": "Buy",
    "price": 3.8,
    "qty": 21.05,
    "timestamp": 1736739939929,
    "orderId": "1845080259616401664"
  },
  {
    "symbol": "PENDLEUSDT",
    "side": "Buy",
    "price": 4.161,
    "qty": 26.49,
    "timestamp": 1736362508764,
    "orderId": "1859108653001697536"
  },
  {
    "symbol": "PENDLEUSDT",
    "side": "Buy",
    "price": 4.161,
    "qty": 3.51,
    "timestamp": 1736362507074,
    "orderId": "1859108653001697536"
  }
]