[
  {
    "symbol": "PYTHUSDT",
    "side": "Buy",
    "price": 0.42298,
    "qty": 109.91,
    "timestamp": 1716494894327,
    "orderId": "1692476275014592768"
  },
  {
    "symbol": "PYTHUSDT",
    "side": "Buy",
    "price": 0.39038,
    "qty": 294.73,
    "timestamp": 1716182889576,
    "orderId": "1689858989464316160"
  },
  {
    "symbol": "PYTHUSDT",
    "side": "Buy",
    "price": 0.3,
    "qty": 166.66,
    "timestamp": 1719206582357,
    "orderId": "1714250605645883648"
  },
  {
    "symbol": "PYTHUSDT",
    "side": "Sell",
    "price": 0.33639,
    "qty": 207.0,
    "timestamp": 1721880638371,
    "orderId": "1737654969085290752"
  },
  {
    "symbol": "PYTHUSDT",
    "side": "Sell",
    "price": 0.33639,
    "qty": 78.36,
    "timestamp": 1721880638366,
    "orderId": "1737654969085290752"
  },
  {
    "symbol": "PYTHUSDT",
    "side": "Buy",
    "price": 0.28168,
    "qty": 177.5,
    "timestamp": 1722802279219,
    "orderId": "1745386351425317120"
  },
  {
    "symbol": "PYTHUSDT",
    "side": "Buy",
    "price": 0.28031,
    "qty": 208.68,
    "timestamp": 1724908727559,
    "orderId": "1762991355036264704"
  },
  {
    "symbol": "PYTHUSDT",
    "side": "Buy",
    "price": 0.28031,
    "qty": 35.68,
    "timestamp": 1724908727559,
    "orderId": "1762991355036264704"
  },
  {
    "symbol": "PYTHUSDT",
    "side": "Buy",
    "price": 0.28029,
    "qty": 5.36,
    "timestamp": 1724908727559,
    "orderId": "1762991355036264704"
  },
  {
    "symbol": "PYTHUSDT",
    "side": "Buy",
    "price": 0.28028,
    "qty": 35.68,
    "timestamp": 1724908727559,
    "orderId": "1762991355036264704"
  },
  {
    "symbol": "PYTHUSDT",
    "side": "Buy",
    "price": 0.41,
    "qty": 1.46,
    "timestamp": 1731405987299,
    "orderId": "1817555483188619520"
  },
  {
    "symbol": "PYTHUSDT",
    "side": "Buy",
    "price": 0.41,
    "qty": 193.66,
    "timestamp": 1731405987289,
    "orderId": "1817555483188619520"
  },
  {
    "symbol": "PYTHUSDT",
    "side": "Sell",
    "price": 0.47,
    "qty": 193.31,
    "timestamp": 1732750624359,
    "orderId": "1820729026646731008"
  },
  {
    "symbol": "PYTHUSDT",
    "side": "Sell",
    "price": 0.47,
    "qty": 136.56,
    "timestamp": 1732750624358,
    "orderId": "1820729026646731008"
  },
  {
    "symbol": "PYTHUSDT",
    "side": "Buy",
    "price": 0.41,
    "qty": 81.1,
    "timestamp": 1733794569333,
    "orderId": "1837575995432200448"
  },
  {
    "symbol": "PYTHUSDT",
    "side": "Buy",
    "price": 0.41,
    "qty": 85.56,
    "timestamp": 1733794569333,
    "orderId": "1837575995432200448"
  },
  {
    "symbol": "PYTHUSDT",
    "side": "Buy",
    "price": 0.355,
    "qty": 166.66,
    "timestamp": 1734638112864,
    "orderId": "1837575995432200449"
  },
  {
    "symbol": "PYTHUSDT",
    "side": "Buy",
    "price": 0.32916,
    "qty": 250.5,
    "timestamp": 1736598818741,
    "orderId": "1861120160686237952"
  },
  {
    "symbol": "PYTHUSDT",
    "side": "Buy",
    "price": 0.39163,
    "qty": 181.96,
    "timestamp": 1736247707996,
    "orderId": "1858173877361142016"
  },
  {
    "symbol": "PYTHUSDT",
    "side": "Buy",
    "price": 0.3,
    "qty": 166.68,
    "timestamp": 1736763898276,
    "orderId": "1837575995432200450"
  }
]